2564 3872
224 413 280 469 mtt
354 354 359 363 -
481 401 603 468 xxm.
623 418 806 463 ussurus·
825 408 854 474 ts
876 402 906 463 5.

216 567 339 661 'eodem
360 564 415 702 [ide
440 561 607 642 Clastidio]
629 559 660 640 ⁶)
674 559 762 654 apud
781 561 913 654 Padum·
929 562 1089 656 decernite
1107 583 1181 658 sau-

181 668 199 709 a
223 667 306 708 erum
330 663 403 702 snae
425 662 461 701 ae
482 641 628 777 sapatum
649 641 784 700 (llmttllt.
825 643 936 702 Tertio
958 641 1044 702 ulem
1068 643 1181 722 Scipio

221 747 293 785 eum
319 723 459 800 collega,
481 720 520 778 'l'i
544 720 612 778 erio
637 721 768 800 Longo,
789 719 873 800 apud
893 720 1043 780 Trebiam
1064 721 1181 780 adver-

220 823 272 862 sus
294 821 367 860 eum
384 799 484 859 verrit.
506 799 587 858 Cum
600 798 649 857 his
665 816 791 857 manum
815 799 995 860 conseruit:
1019 810 1179 890 utrosque

220 879 411 962 profligavit.
456 877 533 936 lude
562 897 623 956 per
649 879 787 957 Ligures
816 878 1016 956 Apenninum
1042 877 1178 952 transiit,

180 963 200 1024 3
221 971 333 1040 petens
354 956 525 1016 Etruriam.
555 957 628 1015 Hoc
649 955 765 1016 itinere
785 954 865 1014 adeo
885 956 976 1035 gravi
996 955 1110 1016 morbo
1129 954 1178 1014 af·

154 1082 179 1102 .
221 1039 328 1099 licitur
349 1036 527 1108 oculorum,
550 1045 587 1093 ut
605 1045 718 1113 postea
737 1053 907 1115 numquam
923 1033 1058 1095 dextero
1072 1053 1177 1115 aeque
1267 1107 1270 1110 Ι

220 1117 302 1177 bene
324 1135 399 1176 usus
423 1114 472 1171 sit.
514 1112 587 1206 Qua
607 1111 790 1174 valetudine
811 1132 908 1194 quum
932 1112 1027 1172 etiam
1047 1132 1129 1172 nune
1145 1109 1177 1190 7)

219 1205 433 1275 premeretur,
460 1191 638 1274 lecticaque
659 1189 813 1265 ferretur,
837 1193 870 1250 C.
892 1191 1080 1250 Flaminium
1102 1193 1177 1252 Cos.

179 1306 182 1312 ·
220 1273 304 1353 apud
326 1271 547 1330 Trasimenum
578 1290 650 1330 eum
675 1269 818 1328 exercitu
841 1269 959 1328 insidiis
981 1276 1179 1330 circumven-

219 1364 287 1411 tum
308 1349 440 1411 oceidit:
470 1367 574 1430 neque
601 1349 702 1408 multo
722 1358 798 1426 post
818 1349 852 1408 C.
877 1348 1063 1407 Centenium
1107 1368 1178 1407 rae-

218 1442 343 1504 torem,
366 1448 437 1488 oum
459 1426 582 1486 delecta
602 1447 696 1484 manu
717 1425 813 1484 saltus
832 1438 1050 1505 occupantem.
1083 1369 1179 1486 lilinc

178 1508 251 1583 qiu
274 1507 422 1588 Apuliam
443 1503 598 1584 pervenit.
637 1503 698 1588 lbi
713 1504 838 1564 obviam
866 1504 896 1563 ei
923 1515 1080 1564 venerunt
1109 1503 1176 1565 duo

220 1588 391 1660 Consules,
422 1587 457 1644 C.
471 1583 652 1642 ‘'llerentius
677 1592 710 1641 et
736 1585 774 1641 L.
794 1582 957 1642 Aemilius.
999 1583 1177 1664 Utriusque

219 1664 379 1725 exereitus
405 1680 468 1721 uuo
502 1661 629 1742 proelio
661 1661 800 1740 fugavit3
839 1662 985 1720 Paullum
1012 1661 1178 1726 normulam

218 1741 371 1818 occidit,
389 1753 422 1801 st
443 1740 563 1823 aliquot
581 1751 750 1821 praeterea
771 1740 970 1814 consulares,
997 1741 1029 1799 in
1049 1739 1096 1798 his
1118 1741 1177 1799 Cn.
1265 1766 1269 1787 ·

218 1820 389 1882 Servilium
424 1819 608 1898 Geminum,
653 1817 708 1900 qui
743 1837 822 1878 anno
857 1819 1024 1898 superiore
1067 1817 1177 1879 suerat

218 1901 339 1962 consul.
992 1953 994 1958 .

277 1981 318 2040 V.
329 1981 397 2038 Hac
412 1997 517 2060 pugna
528 1985 675 2058 pugnata,
691 1976 824 2035 Romam
836 1973 1003 2057 profectus
1015 1986 1074 2049 est,
1087 1977 1177 2036 nullo

218 2058 396 2118 resistente.
449 2061 482 2116 lu
512 2053 698 2138 propinquis
723 2053 812 2114 urbis
842 2053 1001 2116 montibus
1034 2067 1176 2114 moratus

218 2147 275 2196 est.
313 2137 420 2220 Quum
442 2136 561 2216 aliquot
583 2135 629 2194 ibi
654 2133 721 2192 dies
744 2145 845 2192 castra
867 2131 1049 2206 habuisset,
1070 2145 1103 2191 et
1124 2153 1176 2192 re·

218 2225 405 2272 verteretur
436 2216 595 2292 Capuam;
631 2211 672 2300 Q.
695 2209 812 2270 Fabius
838 2211 1007 2282 Maximus,
1037 2209 1177 2271 dictator
1277 2261 1280 2272 .

179 2307 196 2349 e
219 2293 389 2364 Romanus,
411 2290 442 2348 in
464 2311 541 2370 agro
562 2291 699 2348 Falerno
724 2311 759 2350 se
783 2289 814 2350 ei
836 2289 963 2369 objecit.
1003 2289 1065 2347 Hie
1090 2291 1176 2349 olau-

217 2389 270 2429 sus
298 2368 444 2427 locorum
472 2368 620 2446 angustiis
652 2379 750 2426 noctu
785 2369 851 2428 sine
883 2369 949 2426 ullo
983 2365 1175 2428 detrimento
1241 2423 1248 2431 .

218 2445 378 2508 exereitus
400 2465 435 2504 se
457 2445 618 2525 expedivit
625 2467 634 2522 3
654 2446 766 2519 Fabio,
790 2445 989 2507 callidissimo
1005 2445 1176 2524 imperato-

217 2526 256 2600 ri,
281 2522 380 2585 verba
411 2523 507 2584 dedit.
558 2527 701 2606 Namque
730 2524 869 2586 obducta
895 2537 990 2586 noete
1018 2536 1176 2584 sarmenta

119 2657 123 2664 .
217 2604 249 2664 iu
271 2601 420 2662 cornibus
441 2599 694 2683 juvencorumss)
710 2603 846 2685 deligata
867 2603 1014 2677 incendit,
1040 2601 1174 2696 ejusque
1277 2647 1280 2674 4

240 2681 343 2742 eueris
375 2683 608 2742 multitudinem
637 2703 781 2762 magnam
817 2683 1002 2762 dispalatam
1037 2680 1174 2740 imuusit.

217 2702 293 2850 {uo
316 2761 483 2842 repentino
505 2761 635 2840 objectu
656 2757 686 2839 9)
714 2761 782 2822 viso
809 2772 929 2820 tantum
948 2772 1108 2819 terrorem
1130 2759 1176 2818 in-

210 2839 294 2910 iecit
315 2839 470 2899 exercitui
490 2840 724 2918 Romanorum,
751 2852 788 2899 ut
808 2841 919 2922 egredi
945 2849 1031 2897 extra
1055 2839 1175 2900 vallum
1279 2873 1280 2916 t

178 2916 198 2978 3
219 2937 313 2978 nemo
336 2917 376 2975 sit
397 2936 502 2977 ausus.
525 2919 614 2977 Hanc
627 2931 703 2998 post
717 2939 787 2978 rem
805 2932 928 2998 gestam
947 2937 1010 2976 non
1030 2917 1074 2976 ita
1094 2917 1174 2976 mul·
1279 2955 1280 2960 κ

219 2995 259 3056 tis
281 2993 391 3056 diebus
412 2999 454 3055 M.
467 2995 639 3056 Minucium
661 2996 793 3074 Rufum,
814 2999 998 3082 magistrum
1020 2994 1174 3078 equitum,
1279 3023 1280 3068 3

197 3131 369 3152 *m

266 3203 294 3272 6)
313 3202 393 3256 codd.
413 3203 865 3266 earettdaante01.1sn·d1·0;ed.
884 3207 954 3256 Ultr.
974 3203 1118 3265 Clastidii,
1138 3207 1172 3254 al.

217 3272 304 3323 aliter.
322 3271 358 3322 cl.
377 3271 419 3322 ed.
437 3271 513 3322 Heid.
539 3301 573 3328 -,-
596 3271 622 3338 7)
642 3273 702 3323 cod.
723 3274 800 3322 Voss.
820 3273 852 3321 A.
872 3273 903 3322 C.
920 3274 1003 3338 Long.
1023 3273 1066 3322 ed.
1084 3272 1172 3339 princ.
1277 3279 1279 3328 J

217 3340 251 3388 el.
269 3339 350 3388 etiam
368 3349 432 3387 tum.

269 3405 297 3472 8)
326 3404 401 3454 Laid.
420 3405 448 3455 B.
467 3403 543 3458 Voss.
563 3407 591 3456 B.
610 3406 653 3456 ed.
673 3407 727 3454 tut.
745 3405 778 3455 al.
804 3406 995 3458 iumentorum.
1020 3435 1053 3447 -
1078 3404 1107 3472 9)
1127 3405 1172 3456 ed.

215 3471 283 3522 Ultr.
303 3469 416 3522 obtecto.
990 3483 997 3496 ¹
1070 3487 1073 3496 ¹
1101 3469 1115 3496 ·‘
