2564 3872
374 375 376 378 ⁵
426 397 525 462 XXV.
546 415 694 472 amicus,
711 414 744 479 u
764 417 811 460 so.
1043 399 1099 493 aad

141 561 273 636 parente
293 550 454 632 proficisci
471 575 534 616 non
551 557 725 636 potuerint.
751 558 815 640 lpsi
834 570 940 620 autem
955 556 1114 634 emma,-

142 653 239 714 quum
286 631 395 692 litibus
441 632 647 696 distineretur
689 637 873 721 magnisque
920 633 1099 700 terroribus
1159 667 1165 684 ·

141 722 330 786 vexaretur,
367 723 453 772 tanta
488 712 651 793 diligentia
684 713 829 794 officium
869 737 963 778 suum
1006 733 1100 800 prae·

141 790 237 866 stitit,
259 799 297 848 ut
316 788 438 858 nullum
457 789 511 849 illa
528 792 645 852 stiterit
666 790 878 856 vadimonium
898 796 964 856 sine
980 795 1101 872 Attico,

139 869 191 928 bic
213 887 350 948 sponsor
365 867 504 929 omnium
517 889 625 930 rerum
642 867 752 932 fuerit.
776 873 979 958 Quinetiam,
1000 889 1100 958 quum
1118 868 1140 932 d

140 947 195 1007 illa
217 944 353 1007 fundum
374 945 512 1008 secunda
531 947 660 1009 fortuna
682 945 810 1012 emisset
830 952 861 1011 in
880 948 975 1029 diem,
993 969 1101 1037 neque

140 1037 216 1122 post
235 1025 442 1086 calamitatem
466 1043 633 1089 versuram
658 1025 962 1111 facerepotuisset,
985 1025 1040 1092 ille
1064 1049 1100 1094 se

141 1104 352 1186 mterposuit,
403 1106 611 1189 ecuniamque
642 1107 710 1170 sine
738 1107 852 1170 fenore
881 1110 1014 1203 sineque
1036 1107 1101 1170 ulla

142 1184 344 1266 stipulatione
377 1125 434 1268 fei]
463 1183 492 1262 2)
530 1186 684 1262 credidit,
720 1188 889 1248 maximum
921 1182 1101 1250 existimans

142 1275 326 1348 quaestum,
345 1283 522 1326 memorem
544 1277 734 1406 gratumpue
754 1267 922 1349 cognosci,
943 1263 1102 1351 simulque

142 1343 287 1426 aperire,
304 1361 344 1404 se
367 1364 430 1405 non
450 1343 616 1420 fortunae,
637 1366 672 1405 se
708 1343 886 1408 hominibus
902 1347 1009 1408 solere
1029 1361 1101 1410 esse

143 1423 291 1484 amicum.
333 1421 424 1508 Quae
444 1443 542 1506 quum
562 1423 718 1500 faciebat,
739 1443 833 1486 nemo
855 1445 929 1486 eum
946 1423 1100 1507 temporis
1122 1417 1143 1488 6

144 1522 238 1564 causa
265 1497 375 1562 facere
403 1513 536 1594 poterat
571 1503 760 1566 existimare.
801 1498 925 1565 Nemini
955 1503 1039 1566 enim
1068 1498 1101 1563 in

144 1581 325 1662 opinionem
338 1581 503 1656 veniebat,
522 1583 692 1642 Antonium
706 1599 816 1645 rerum
829 1584 1015 1665 potiturum.
1035 1575 1102 1643 Sed
1120 1595 1142 1660 7
1208 1633 1210 1648 .

143 1660 259 1731 sensim
286 1658 312 1716 is
339 1679 357 1716 a
382 1660 539 1720 nonnullis
567 1660 769 1738 optimatibus
794 1659 1103 1742 reprehendebatur,

144 1737 233 1822 quod
278 1755 367 1796 arum
384 1735 489 1797 odisse
505 1737 605 1798 malos
621 1731 707 1805 cives
722 1738 897 1800 videretur.
919 1737 977 1800 Ille
997 1752 1104 1804 autem

145 1818 194 1880 sui
215 1758 323 1876 iudicii
341 1815 465 1896 potius,
487 1816 563 1909 quid
583 1835 619 1875 se
639 1814 749 1876 facere
768 1834 828 1896 par
848 1829 943 1896 esset,
961 1813 1104 1880 intueba-

143 1910 215 1974 tur,
240 1915 334 1976 quam
357 1893 435 1976 quid
456 1894 509 1954 ali1
531 1893 689 1962 laudaturi
708 1893 825 1956 forent.

152 2035 155 2042 ,
226 1976 266 2032 ll.
296 1974 457 2034 Conversa
488 1973 594 2034 subito
621 1973 753 2034 fortuma
784 1983 844 2037 est.
884 1967 927 2034 Ut
947 1966 1139 2052 Antoniutr

146 2053 242 2116 rediit
261 2052 293 2112 in
316 2051 452 2127 Italiam,
472 2071 566 2114 nemo
587 2073 651 2112 non
670 2072 783 2133 magno
804 2052 837 2112 in
857 2051 1003 2133 periculo
1023 2050 1105 2131 attis

146 2155 219 2196 cum
238 2127 365 2214 putarat
388 2129 418 2210 ὁ)
439 2143 575 2214 propter
590 2130 730 2191 intimam
746 2127 991 2196 familiaritatem
1012 2129 1102 2194 Cice·
1212 2187 1215 2193 .

93 2215 102 2228 ”
146 2213 233 2276 runis
256 2224 289 2274 et
307 2211 410 2272 Bruti.
434 2214 545 2306 ltaque
565 2209 605 2271 ad
625 2210 794 2272 adventum
814 2207 1044 2293 imperatorum
1063 2205 1104 2270 de
1125 2222 1145 2274 2

146 2293 221 2364 foro
248 2291 446 2366 decesserat,
475 2303 588 2357 timens
611 2289 900 2371 proscriptionem,
920 2288 1104 2372 latebatque

147 2371 232 2453 apud
246 2373 283 2432 Ρ.
298 2371 520 2446 Volumnium,
540 2370 608 2446 cui,
628 2380 666 2430 ut
679 2364 890 2444 ostendimus,
911 2363 1021 2450 paullo
1035 2380 1107 2444 ante

148 2471 244 2531 opem
264 2451 400 2511 tulerat:
424 2451 525 2530 (tanta
538 2451 675 2512 varietas
693 2447 730 2508 iis
744 2447 943 2530 temporibus
965 2446 1027 2508 fuit
1039 2445 1107 2508 for·

147 2541 261 2602 tunae,
289 2538 326 2586 ut
345 2526 442 2586 modo
462 2525 513 2600 hi,
542 2526 639 2586 modo
663 2525 710 2586 illi
732 2527 763 2586 in
784 2548 907 2588 summo
930 2536 1035 2586 essent
1055 2535 1110 2586 aut

149 2607 296 2686 fastigio,
317 2614 371 2662 aut
391 2603 552 2682 periculo)
569 2597 770 2684 habebatque
784 2625 893 2667 secum
912 2604 953 2686 Q
968 2601 1107 2666 Gellium
1131 2632 1134 2641 ¹

150 2687 292 2760 Canum,
313 2682 478 2763 aequalem
501 2681 759 2762 simillimumque
782 2676 841 2740 sui·
882 2677 954 2742 Hoc
976 2677 1147 2765 ¹qudqued

149 2764 191 2826 sit
212 2762 312 2824 Attici
334 2755 481 2820 bonitatis
505 2760 703 2839 exemplum,
732 2759 819 2841 quod
840 2774 913 2818 eum
934 2778 992 2836 co,
1012 2775 1108 2853 quem

151 2863 289 2925 puerum
309 2841 340 2902 in
360 2838 438 2898 ludo
458 2848 665 2920 cognoverat,
686 2836 767 2900 adeo
784 2831 950 2900 coniuncte
965 2837 1051 2916 vixit,
1073 2843 1112 2902 ut'

151 2922 192 2984 sd
216 2932 388 2982 extremam
410 2927 547 2977 aetatem
569 2911 702 2977 amicitia
726 2937 839 2980 eorum
863 2915 1012 2976 creverit.
1045 2917 1150 2993 rin-fs

67 3006 71 3015 '
152 2999 257 3062 tonius
285 3010 408 3070 eutem,
439 2995 499 3056 etsi
522 3003 610 3056 tanto
635 2993 709 3056 odio
734 2993 901 3056 ferebatur
926 2993 958 3053 in
982 2995 1111 3056 Cicero·

153 3101 227 3141 nem
241 3089 278 3138 ut
292 3099 355 3139 non
368 3075 472 3138 solum
489 3073 535 3156 ei,
556 3075 613 3138 sed
633 3074 778 3139 omuibus
799 3072 893 3141 etiam
915 3071 983 3136 eius
1004 3072 1127 3136 amicls'·

156 3233 352 3258 w

148 3313 151 3322 “
203 3333 218 3366 a
252 3316 401 3385 pronomen
422 3311 449 3362 ei
464 3309 540 3362 abest
558 3327 573 3362 u
591 3304 654 3362 cod.
674 3304 792 3379 Guelph».
811 3305 845 3361 al.

155 3451 185 3502 Α.
204 3383 227 3501 Ξ
247 3379 403 3502 dirddiunt
412 3379 557 3450 jutarum)
585 3375 659 3448 quod
678 3376 752 3432 sbest
769 3394 785 3432 a
802 3375 882 3430 codd.
898 3374 1016 3450 Guelpb.
1036 3373 1111 3446 bald.

258 3533 340 3583 Corn.
359 3528 458 3598 Nepos.
605 3515 607 3520 ⁸
705 3509 707 3518 ¹
940 3531 976 3576 10
