2564 3872
178 419 220 483 qn
458 393 759 468 illiminantem·
783 411 809 460 a.
831 410 858 456 n.

180 581 325 638 curram,
355 566 508 641 quantum
538 565 677 634 potuero
709 555 758 635 ²),
787 569 820 618 ct
852 553 1007 618 medebor
1038 569 1141 641 quum

139 661 157 704 a
179 640 332 716 satietati,
352 651 421 699 tum
442 634 639 718 ignorantiae
659 635 827 698 lectorum.
859 635 1059 712 Phoebidas,
1078 637 1140 702 La·

153 719 420 792 ncedaemonius,
474 737 549 778 num
579 715 757 778 exercitum
781 715 957 797 Olynthum
985 715 1139 798 duceret,

153 796 306 881 'iterque
339 817 401 879 per
431 799 458 856 Τ
482 795 558 857 ebes
588 793 730 872 faceret,
759 816 867 858 arcem
895 794 1023 877 oppidi,
1054 821 1138 880 quae

177 878 315 948 Cadmea
335 877 531 952 nominatur,
552 875 721 955 occupavit
741 875 880 956 impulsu
898 895 1138 956 perpaucorum

178 956 419 1032 Thebanorum,
444 957 515 1040 qui,
543 953 748 1016 adversariae
768 955 902 1018 factioni
926 977 991 1038 quo
1011 955 1137 1018 facilius

176 1035 380 1113 resisterent,
408 1039 570 1096 Laconum
598 1034 696 1094 rebus
723 1034 914 1096 studebant:
949 1035 1049 1116 idque
1076 1057 1136 1096 suo

134 1115 155 1179 3
192 1116 321 1192 riveto,
344 1137 408 1187 non
423 1114 572 1196 publico,
592 1111 673 1174 fecit
693 1114 835 1178 consilio.
861 1116 936 1202 Quo
958 1111 1046 1174 facto
1062 1137 1137 1176 eum

172 1137 417 1264 llacedaemonii
449 1193 487 1254 ab
516 1191 661 1254 exercitu
693 1207 903 1260 removerunt
936 1195 1071 1274 pecunia
1118 1217 1136 1256 e

174 1274 365 1335 multarunt:
391 1292 496 1355 neque
525 1267 564 1332 co
589 1272 686 1363 magis
714 1292 821 1333 arcem
846 1267 1005 1332 Thebanis
1029 1295 1066 1334 re
1091 1275 1139 1334 di-

173 1351 305 1426 derunt,
327 1352 416 1434 quod
438 1351 592 1432 susceptis
607 1350 774 1411 inimicitiis
791 1351 888 1412 satius
905 1351 1065 1412 ducebant
1081 1375 1137 1414 eos

177 1431 338 1507 obsideri,
366 1451 461 1514 quam
487 1428 626 1490 libcrari.
668 1432 747 1490 Nam
770 1443 844 1512 post
866 1432 1138 1511 Peloponnesium

174 1508 297 1570 bellum
319 1511 523 1592 Athenasque
547 1509 688 1569 devictas
710 1530 783 1570 cum
806 1509 964 1572 Thebanis
986 1509 1046 1570 sibi
1066 1531 1137 1572 rem

176 1607 249 1648 esse
271 1589 506 1662 existimabant,
535 1600 568 1650 et
592 1609 648 1649 eos
669 1608 740 1648 esse
760 1591 865 1662 solos,
897 1590 952 1671 qni
981 1591 1136 1650 adversus

114 1673 154 1738 ,4
173 1667 326 1729 resistere
351 1669 514 1729 auderent.
555 1669 625 1727 Hac
654 1679 767 1728 mente·
783 1669 888 1730 amicis
909 1669 973 1729 suis
998 1690 1135 1730 summas

172 1757 349 1826 potestates
373 1748 542 1822 dederant,
571 1747 768 1829 alteriusque
797 1747 945 1808 factionis
974 1750 1135 1828 principes

172 1826 289 1905 partim
308 1827 555 1904 interfecerant,
579 1827 656 1886 alios
678 1826 710 1886 in
732 1828 877 1888 exsilium
901 1827 1078 1888 eiecerant:
1102 1829 1135 1888 in

173 1904 288 1986 quibus
304 1907 476 1988 Pelopidas
491 1905 560 1982 hic,
580 1905 620 1966 de
643 1927 707 1989 quo
729 1907 871 1968 scribere
887 1907 995 1968 exorsi
1015 1928 1134 1984 sumus,

171 1985 283 2065 pulsus
303 1987 406 2066 patria
431 1984 570 2048 carebat.

187 2111 191 2116 .
251 2068 289 2124 Il.
314 2067 356 2127 Hi
378 2085 486 2126 omnes
507 2064 579 2124 fere
598 2065 738 2125 Athenas
762 2086 798 2127 se
819 2065 1038 2142 contulerant,
1058 2087 1134 2144 non,

172 2164 238 2224 quo
255 2157 469 2225 sequerentur
486 2143 604 2216 otium,
625 2145 682 2203 sed
697 2157 748 2220 ut,
768 2165 930 2229 quemque
948 2141 977 2222 ³)
996 2165 1035 2205 ex
1057 2167 1134 2226 pro-

89 2285 92 2294 ,
139 2259 150 2267 —
173 2222 257 2282 xime
281 2223 389 2281 locum
414 2222 483 2284 fors
509 2221 693 2298 obtulisset,
719 2245 758 2285 eo
781 2225 914 2306 patriam
938 2244 1134 2306 recuperare

133 2301 362 2360 eniterentur.
401 2302 511 2383 ltaque
537 2322 634 2382 quum
663 2313 788 2384 tempus
812 2316 860 2364 est
881 2303 983 2363 visum
1010 2304 1059 2364 rei
1080 2325 1135 2386 ge·

172 2379 308 2456 rendae,
328 2379 537 2440 communiter
558 2400 629 2440 cum
651 2380 715 2456 his,
738 2385 793 2466 qui
818 2381 937 2444 'l'hebis
958 2382 1044 2444 idem
1065 2403 1136 2444 sen-

172 2453 308 2531 tiebant,
339 2458 423 2518 diem
454 2459 643 2538 delegerunt
667 2462 706 2520 ad
732 2463 876 2523 inimicos
904 2462 1134 2542 opprimendos

101 2595 104 2600 .
173 2539 398 2619 civitatemque
430 2537 625 2598 liberandam
650 2559 740 2617 eum,
794 2565 835 2604 uo
862 2540 892 2620 4)
918 2541 1045 2600 maximi
1069 2561 1133 2600 ma-

131 2613 323 2697 dgistratus
347 2617 440 2680 simul
461 2631 697 2680 consueverunt
720 2564 852 2703 epdlari.
883 2622 1015 2702 Magnae
1038 2640 1134 2700 saepe

170 2715 223 2756 res
257 2717 321 2758 non
356 2697 400 2758 ita
430 2696 550 2838 maqnis
579 2699 677 2778 copiis
707 2713 781 2761 sunt
808 2714 935 2782 gestae3
972 2699 1031 2759 sed
1058 2718 1144 2780 pro·.

169 2773 257 2839 fecto
279 2798 451 2860 numquam
471 2799 489 2836 a
531 2787 594 2836 tam
614 2779 701 2838 terlui
721 2780 810 2840 initio
832 2792 938 2840 tantae
955 2797 1034 2859 opes
1056 2789 1133 2838 sunt

169 2854 368 2937 profligatae.
409 2859 489 2916 Nam
523 2855 693 2917 duodecim
726 2858 956 2920 adolescentuli
987 2857 1135 2917 coierunt

171 2953 211 2994 eu
233 2934 297 3012 his,
318 2935 374 3018 qui
395 2935 505 2996 exsilio
528 2948 618 2996 erant
637 2937 779 3012 multati,
801 2959 900 3020 quum
922 2936 1049 2998 omnino
1069 2957 1135 2998 non

171 3027 279 3076 essent
299 3015 431 3095 amplius
452 3027 596 3090 centurn,
621 3016 677 3097 qui
696 3027 785 3078 tanto
807 3037 842 3076 se
864 3015 1135 3108 offerrentperi-

171 3092 254 3156 culo.
275 3093 377 3185 ‘Qua‘
385 3095 544 3176 paucitate
567 3095 718 3176 perculsa
737 3107 789 3159 est
805 3095 1146 3176 Lacedaemomoruml

224 3343 239 3380 a
271 3334 349 3399 vulgo
366 3342 482 3401 potero,
503 3334 537 3385 cl.
560 3333 663 3384 Daehn.

225 3401 239 3448 3
269 3400 360 3450 Lamb.
379 3418 580 3470 quemcunque,
611 3401 646 3451 cs.
666 3400 708 3451 cd.
726 3397 802 3450 lleid.
830 3426 864 3442 -
887 3397 915 3468 d)
934 3401 983 3453 Ax.
1003 3418 1058 3471 qno
1075 3397 1133 3463 die,

174 3467 272 3518 omisso
292 3469 454 3536 pronomine
471 3484 537 3517 eum.
557 3467 592 3518 cl'.
611 3466 713 3517 Giinth.

1272 575 1278 744 κ

1275 951 1280 1078 l
