2524 3872
440 403 465 465 1.
488 421 676 466 umutsnns.
695 420 724 466 s·
744 402 775 469 3·
1015 355 1068 484 ¹st)

109 581 151 624 ex
168 560 268 624 insula
282 559 509 645 demigrarunt.
539 561 617 624 Pari
630 559 783 626 felicitate
805 568 928 622 ceteras
943 557 1070 636 insulas,

101 645 192 733 'quae
212 639 364 720 Cyclades
386 641 606 718 nominantur,
636 639 696 700 sub
716 638 957 701 Atheniensium
977 635 1071 700 rede·

111 731 157 858 gn
180 729 390 858 iiliegistddlm
407 797 605 879 temporibus
619 798 791 858 Persarum
807 813 865 856 rex
879 793 1015 870 Darius,
1031 811 1071 854 ex
1096 821 1109 862 a

111 875 187 942 Asia
199 876 232 936 in
243 876 409 968 Europam
423 876 567 936 exercitu
582 876 736 950 traiecto,
755 873 878 954 Scythis
891 872 1013 934 bellum
1026 872 1072 932 in·

111 951 200 1016 ferre
215 954 367 1014 decrerit.
387 955 523 1016 Pontem
538 953 617 1015 fecit
636 955 668 1014 in
683 954 794 1012 Histro
810 951 950 1026 ssumine,
967 973 1029 1034 qua
1040 948 1072 1030 ²)

113 1031 220 1114 copias
246 1031 441 1101 traduceret.
481 1033 558 1094 Eius
585 1033 709 1114 pontis,
740 1031 816 1091 (lum
843 1031 912 1112 ipse
932 1029 1074 1106 abesset,

113 1107 265 1175 'custodes
286 1110 418 1194 reliquit
437 1111 615 1195 principes,
635 1125 717 1195 quos
738 1126 847 1172 secum
870 1130 910 1171 ex
934 1108 1021 1174 lonis
1040 1117 1075 1170 et

113 1188 253 1254 Aeolide
284 1187 435 1268 ‹luxerat3
467 1191 583 1274 quibus
615 1183 744 1272 singulis
777 1189 918 1328 ipsarum
946 1185 1075 1250 urbium

12 1279 13 1284 ’
114 1283 176 1352 per
201 1281 273 1329 etna
293 1266 426 1330 dederat
446 1269 588 1351 imperia.
616 1271 669 1333 Sic
689 1267 772 1330 enim
806 1267 939 1328 acillime
976 1265 1116 1340 stavit·

115 1368 151 1416 se
173 1289 297 1408 graeca
323 1347 431 1429 lingua
450 1349 637 1432 loquentes,
667 1347 722 1433 qui
751 1347 859 1407 Asiam
881 1285 1076 1421 incederent,

116 1426 176 1488 snb
200 1447 257 1486 sua
279 1435 478 1496 retenturum
498 1435 675 1510 potestate,
695 1427 722 1488 si
744 1426 852 1486 amicis
873 1423 938 1484 suis
960 1421 1079 1504 oppida

116 1505 235 1567 menda
254 1505 453 1583 tradidisset,
478 1507 609 1589 quibus,
640 1528 676 1574 se
696 1519 870 1599 oppresso,
899 1502 984 1564 nulla
1005 1519 1079 1584 spes

118 1584 228 1648 salutis
248 1584 328 1654 relin
355 1597 497 1646 uerctur.
537 1587 572 1646 ln
592 1585 739 1649 hoctfunt
766 1595 834 1647 tum
857 1597 992 1644 numero
1010 1581 1080 1641 Mil-

118 1662 237 1739 tiades,
260 1663 311 1724 cui
324 1603 379 1724 iila
395 1664 536 1724 custodia
553 1666 751 1727 crederetur.
780 1663 843 1724 Hic
859 1683 958 1746 quum
974 1658 1081 1722 crebri
1100 1669 1120 1736 3

119 1739 276 1804 efferrent
292 1742 403 1816 muntii,
424 1744 506 1802 male
527 1764 595 1804 rem
619 1759 735 1824 gerere
748 1741 893 1817 Darium,
913 1738 1082 1822 premique

119 1819 160 1899 ab
175 1817 312 1898 Scythis,
332 1813 489 1890 Miltiades
507 1819 654 1882 hortatus
676 1833 724 1880 est
737 1821 843 1900 pontis
861 1818 1023 1893 custodes,
1042 1836 1083 1878 ne

120 1919 140 1959 a
158 1896 290 1964 fomuna
308 1897 413 1958 datam
435 1898 635 1958 occasionem
654 1890 836 1958 liberandae
858 1896 1014 1957 Graeciae
1037 1895 1084 1956 di·
1144 1909 1147 1912 '

120 1973 294 2044 mitterent.
326 1975 406 2034 Nam
422 1973 449 2034 si
470 1987 542 2034 cum
561 1973 610 2036 his
625 1976 743 2058 copiis,
764 1989 842 2058 quas
860 1993 969 2040 secum
985 1983 1084 2036 naus
1103 1993 1125 2064 4

125 2055 327 2130 'octaverat,
354 2051 515 2115 interisset
537 2049 671 2131 Darius,
696 2076 761 2117 nou
791 2055 895 2115 solum
921 2055 1085 2133 Europam

120 2073 197 2198 ibre
212 2143 324 2208 tutam,
338 2132 396 2194 aed
410 2132 503 2210 etiam
516 2151 583 2210 cos,
599 2126 767 2218 quidsiam
780 2133 959 2204 incolerent
969 2131 1090 2195 Graeci

122 2230 260 2294 genere,
289 2211 409 2276 liberos
430 2233 448 2272 a
468 2211 641 2274 Persarum
661 2212 791 2275 futinus
817 2213 1028 2279 dominatione
1054 2221 1087 2280 ui

122 2290 279 2372 periculo.
318 2289 356 2352 ld
376 2297 410 2352 et
428 2289 636 2354 facilelel'fici
656 2312 761 2375 posse.
795 2293 899 2356 Ponte
921 2292 1005 2354 enim
1032 2312 1087 2355 re·

123 2369 241 2445 scisso,
266 2385 377 2456 rogem
399 2371 454 2434 tel
476 2369 616 2434 hostium
636 2365 746 2446 ferro,
770 2373 824 2434 vel
851 2373 956 2455 inopia
976 2371 1087 2452 pauci·

125 2447 239 2516 diebus
251 2447 463 2510 interiturum.
497 2450 549 2524 Ad
562 2449 625 2511 hoc
646 2451 813 2513 consilium
827 2474 926 2536 quum
939 2451 1088 2534 plerique
1107 2456 1129 2524 d

126 2525 336 2602 accederent,
356 2528 517 2592 Histiaeus
538 2529 697 2608 Milesius,
717 2550 758 2592 nc
781 2551 835 2592 res
860 2529 1090 2608 conficeretur,

127 2603 267 2682 obstitit,
287 2604 410 2666 dicens:
431 2627 497 2668 non
518 2607 603 2669 idem
624 2609 719 2691 ipsis,
741 2609 797 2693 qni
816 2629 951 2672 summas
965 2609 1091 2691 imperii

42 2726 44 2729 -
127 2690 287 2761 tenerent,
309 2685 473 2766 expedire,
494 2697 529 2748 et
548 2687 749 2765 multitudini,
770 2689 859 2772 quod
878 2687 968 2750 Darii
988 2709 1091 2771 regno

128 2761 273 2844 ipsorum
288 2763 447 2826 niteretur
468 2765 656 2830 dominatio:
677 2789 742 2852 quo
759 2769 913 2832 exstincto
930 2767 1016 2848 ipses
1033 2789 1092 2851 po·

128 2851 245 2906 testate
266 2843 418 2924 expulsos
440 2843 562 2907 ciuibus
576 2847 640 2907 suis
660 2867 781 2930 poenas
801 2847 942 2910 daturos.
982 2848 1026 2910 lta
1049 2867 1093 2910 ue

129 2920 212 2982 adeo
239 2939 274 2982 se
305 2921 484 2984 abhorrere
517 2947 535 2986 a
562 2936 746 2988 ceterorum
773 2927 923 3004 consilio,
952 2937 989 2988 at
1016 2927 1094 2998 nsil

130 3009 226 3089 putet
248 2999 324 3081 ipsis
347 3002 474 3082 utilius,
501 3025 595 3088 qnam
619 3003 799 3076 confirmari
820 3027 958 3089 regum
977 3008 1095 3073 ,Bersu-

37 3102 40 3107 ·
131 3099 213 3168 rum.
253 3078 357 3145 Huius
378 3103 477 3172 quum
499 3083 687 3147 sententiam
708 3086 837 3167 plurimi
857 3099 963 3158 essent
981 3085 1135 3162 resedi

131 3153 310 3235 Miltiades,
329 3181 394 3222 non
413 3162 577 3240 dubitans,
593 3174 658 3223 tam
678 3153 784 3228 multis
800 3168 932 3230 consciis
954 3166 993 3227 ad
1009 3165 1095 3246 regis

132 3257 227 3300 aures
247 3239 379 3302 consilia
396 3261 454 3305 sua
473 3252 679 3334 perventura,
700 3242 936 3318 Chersonesum
956 3245 1098 3336 reliquit,

130 3367 327 3384 m

200 3455 228 3522 s)
247 3455 329 3510 codd.
347 3459 438 3522 Boeel.
459 3457 547 3530 teng.
563 3461 599 3514 21.
618 3477 694 3534 prop
716 3460 766 3519 ssd·
781 3459 816 3516 ti.
833 3459 938 3591 Drepsa..
1010 3470 1014 3476 '
