2524 3872
413 407 571 473 conantis
593 407 732 453 ausoris
755 407 845 450 virs.
1095 412 1128 452 ιι
1190 387 1200 392 “

131 549 254 614 Ceteris
268 540 357 614 libris
377 548 480 633 egisse
496 548 537 610 de
551 549 719 628 Romanis,
734 550 814 613 haee
829 551 896 614 eius
912 547 1010 613 verba
1024 562 1131 612 osten·

130 647 209 710 dunt
228 647 260 708 in
283 657 426 708 extrema
441 647 624 710 Hannibalis
639 649 719 711 vita:
749 646 835 725 „Sed
855 667 913 708 nos
934 659 1061 728 tempus
1081 661 1131 710 est

129 745 223 806 buius
239 743 313 806 libri
325 743 434 804 facere
448 739 559 820 finem,
574 755 608 804 et
622 745 839 806 Romanorum
854 743 1014 826 explicare
1030 745 1131 826 impe·

130 853 274 918 ratores,
299 861 364 924 quo
388 837 530 914 facilius,
556 841 679 902 collatis
702 853 914 924 utrorumque
935 839 1044 920 factis,
1074 841 1130 924 qui

130 936 192 998 viri
221 935 428 1018 praeferendi
459 934 538 1012 sint,
570 935 674 1018 possit
697 935 861 998 iudicari.“
910 937 1027 1020 Operis
1061 939 1130 999 eius

129 1033 266 1116 genuina
291 1031 455 1114 inscriptio
481 1042 571 1113 patet
595 1052 635 1094 ex
660 1031 778 1092 ultimis
804 1031 892 1094 hisce
921 1035 1130 1116 praefationis

129 1127 252 1190 verbis:
281 1127 412 1216 „Quare
428 1129 468 1189 ad
481 1127 683 1211 propositum
698 1127 877 1206 veniemus,
898 1140 932 1190 et
948 1129 980 1192 iu
998 1129 1062 1190 hoe
1076 1128 1130 1192 ex'·

127 1241 282 1302 ponemus
294 1223 376 1289 libro
389 1245 433 1286 on
448 1215 527 1286 irre
545 1244 800 1286 nxeuunnursum
818 1223 1129 1304 rnrnaaronon.“3)

127 1321 263 1382 Praeter
283 1320 510 1402 imperatores,
531 1321 665 1384 seorsim
684 1341 829 1384 exarasse
850 1323 968 1384 librum
988 1321 1028 1383 de
1045 1321 1130 1403 regi·

127 1412 204 1490 bus,
231 1431 419 1498 argumento
446 1418 526 1480 haee
554 1432 663 1498 erunt,
696 1441 778 1506 quae
807 1418 1017 1484 Timoleontis
1044 1418 1128 1481 ritae

127 1511 254 1576 subdita
285 1515 349 1592 „Hi
372 1514 445 1578 fere
469 1516 602 1580 fuerunt
623 1518 778 1580 Graeciae
801 1517 904 1600 gentis
924 1516 1043 1593 duces,
1073 1514 1129 1599 qui

127 1611 281 1674 memoria
301 1611 389 1696 digni
403 1599 610 1694 videbantur,
632 1627 763 1698 praeter
777 1633 882 1695 reges.
907 1615 1050 1696 Namque
1072 1629 1129 1672 eos
1203 1641 1206 1650 v

127 1707 284 1793 attingere
299 1711 475 1790 noluimus,
496 1709 739 1794 quodomnium
759 1727 813 1767 res
834 1720 944 1790 gestae
958 1707 1130 1791 separatim

21 1877 25 1890 .
54 1871 55 1874 Ἴ
128 1815 201 1864 sunt
220 1806 348 1867 relatae.
377 1809 491 1890 Neque
510 1817 616 1868 tamen
638 1804 672 1866 hi
686 1803 856 1865 admodum
872 1819 945 1868 sunt
959 1805 1079 1866 multi.“
1096 1801 1127 1882 l)

127 1899 261 1960 Externi
279 1902 508 1983 imperatores,
523 1919 603 1983 quos
617 1897 788 1975 habemus,
801 1900 935 1962 Aemilii·
944 1922 1015 1962 esse
1027 1899 1128 1961 Probi

128 1989 461 2060 amultis'creduntur
481 1994 521 2075 ἠ)
552 1994 617 2076 Qui
638 2014 732 2055 error
758 1991 831 2052 inde
853 1997 1022 2074 provenit,
1040 1995 1130 2078 quod

126 2094 259 2158 librario
274 2095 307 2156 id
320 2093 421 2156 fuerit
434 2112 566 2171 nomen,
592 2091 647 2176 qui
665 2091 744 2154 vitas
760 2108 811 2150 eas
831 2091 1035 2172 partimus,
1056 2112 1130 2174 par·
1209 2118 1211 2128 ·

125 2193 183 2254 tim
204 2193 312 2254 matris
337 2191 367 2274 6)
390 2202 423 2252 et
444 2189 494 2253 avi
511 2211 605 2251 manu
624 2189 777 2271 scriptas,
797 2188 981 2251 Theodosio
1004 2187 1129 2252 obtulit.

125 2288 199 2352 Hoc
218 2287 262 2352 ita
281 2271 369 2370 esse,
390 2287 560 2357 ostendunt
584 2285 752 2366 versiculi,
780 2284 927 2370 quiritis
948 2287 1015 2350 istis
1036 2305 1130 2368 prae·

148 2443 317 2458 m

158 2515 185 2584 3)
209 2515 344 2582 Quoniam
362 2523 451 2566 autem
468 2521 573 2568 veteres
597 2531 690 2567 omnes
715 2518 862 2585 scriptores
881 2511 986 2568 nonde
1004 2513 1065 2565 vito
1081 2527 1129 2560 es·

125 2601 278 2652 cellensium
296 2601 512 2668 imperatorum,
529 2597 579 2650 sed
596 2597 629 2648 de
641 2599 715 2648 viris
734 2601 888 2653 illustribus
904 2600 1023 2652 Cornelii
1036 2599 1128 2666 Nepo-

122 2685 157 2735 tis
175 2684 261 2736 libros
276 2683 401 2750 laudant,
418 2691 543 2746 nonest,
558 2697 606 2732 eur
623 2698 684 2732 cum
698 2682 796 2736 Vossio
812 2693 970 2748 statuamus,
986 2681 1129 2750 genuinam

122 2769 204 2824 luisse
218 2770 422 2840 inscriptionem
434 2768 466 2818 de
479 2770 541 2819 vito
553 2765 645 2816 excell.
662 2767 772 2836 rinpsrr.
783 2795 816 2806 -
826 2769 952 2824 ,Pertinet
965 2765 1016 2816 boo
1026 2765 1128 2814 solum·

34 2863 39 2868 ’
123 2851 206 2904 medo
222 2851 258 2902 ad
270 2861 375 2922 partem
390 2852 506 2918 aliquam
520 2852 627 2903 maioris
643 2850 676 2903 de
686 2853 747 2904 viris
758 2853 907 2904 illustribus
924 2849 1028 2918 operis.
1040 2864 1128 2914 neque

126 2947 216 2988 umen
225 2939 292 2990 haee
303 2954 365 3008 pars
375 2937 519 3006 separatim
531 2936 581 2986 suit
589 2937 727 3006 inscripta.
741 2941 775 2992 ci.
784 2939 832 2991 Ed.
842 2939 915 2990 Heid.
928 2937 991 2986 Vol.
1002 2935 1022 2984 I.
1033 2951 1060 3002 p.
1068 2932 1127 2983 XV.

156 3027 183 3098 ip)
203 3032 238 3082 At
256 3028 324 3080 illud
340 3028 509 3098 probabilius
524 3027 591 3091 erit,
616 3027 689 3108 ipsop
709 3027 742 3080 de
758 3031 864 3097 regibus
882 3029 968 3080 libros
981 3027 1011 3076 in
1025 3027 1073 3074 illo
1094 3023 1128 3074 de

123 3113 184 3164 viris
199 3112 347 3164 illustribus
364 3127 448 3178 opere
462 3111 499 3160 ita
514 3111 594 3163 fuisse
610 3113 768 3177 contentos,
786 3119 815 3162 ut
828 3113 1022 3180 praecesserint
1032 3109 1127 3177 libros,

125 3195 170 3264 qui
193 3193 227 3247 de
246 3195 306 3245 vitis
324 3193 420 3246 excell.
439 3194 523 3262 impp.
544 3198 655 3263 egerint.
673 3197 706 3251 V.
728 3196 769 3248 ed.
790 3197 866 3248 Heid.
884 3198 903 3250 1.
922 3201 940 3248 l.

158 3285 186 3354 5)
211 3287 251 3338 De
268 3286 320 3350 iis,
342 3287 387 3352 qui
410 3285 565 3353 nuperrime
592 3284 661 3336 hane
678 3287 861 3353 quaestionem
880 3284 914 3336 de
941 3301 1004 3336 vero
1030 3281 1128 3334 horum

125 3365 257 3422 librorum
274 3379 384 3422 auctore
399 3371 560 3437 attigerunt,
581 3373 614 3422 cf.
635 3370 678 3421 ed.
698 3369 774 3421 Heid.
793 3373 814 3422 I.
832 3391 860 3441 p.
874 3372 912 3420 tx
930 3385 988 3436 sqq.
1062 3383 1073 3392 ··

157 3461 186 3538 6)
202 3463 253 3514 Per
263 3459 554 3534 lectionisrarietatem
565 3462 611 3514 alii
622 3461 758 3534 genitoris
767 3477 818 3532 pro
828 3459 975 3530 genitricis
987 3455 1124 3528 praebent.
