<?xml version="1.0" encoding="UTF-8"?>
<!DOCTYPE html PUBLIC "-//W3C//DTD XHTML 1.0 Transitional//EN"
    "http://www.w3.org/TR/xhtml1/DTD/xhtml1-transitional.dtd">
<html xmlns="http://www.w3.org/1999/xhtml" xml:lang="en" lang="en">
 <head>
  <title>
</title>
<meta http-equiv="Content-Type" content="text/html;charset=utf-8" />
  <meta name='ocr-system' content='tesseract 3.04.00' />
  <meta name='ocr-capabilities' content='ocr_page ocr_carea ocr_par ocr_line ocrx_word'/>
</head>
<body>
  <div class='ocr_page' id='page_1' title='image "./quaeexstantadop00nepogoog_0042.png"; bbox 0 0 2524 3872; ppageno 0'>
   <div class='ocr_carea' id='block_1_1' title="bbox 482 418 848 480">
    <p class='ocr_par' dir='ltr' id='par_1_1' title="bbox 482 418 848 480">
     <span class='ocr_line' id='line_1_1' title="bbox 482 418 848 480; baseline -0.008 -4"><span class='ocrx_word' id='word_1_1' title='bbox 482 418 535 480; x_wconf 83' lang='lat' dir='ltr'><strong>lV.</strong></span> <span class='ocrx_word' id='word_1_2' title='bbox 556 437 746 479; x_wconf 70' lang='lat' dir='ltr'><strong>rauserias.</strong></span> <span class='ocrx_word' id='word_1_3' title='bbox 774 441 797 476; x_wconf 88' lang='grc' dir='ltr'><strong>ι.</strong></span> <span class='ocrx_word' id='word_1_4' title='bbox 820 435 848 474; x_wconf 79' lang='lat' dir='ltr'><strong>a.</strong></span> 
     </span>
    </p>
   </div>
   <div class='ocr_carea' id='block_1_2' title="bbox 487 607 821 816">
    <p class='ocr_par' dir='ltr' id='par_1_2' title="bbox 487 607 821 816">
     <span class='ocr_line' id='line_1_2' title="bbox 625 607 679 672; baseline -0.111 0"><span class='ocrx_word' id='word_1_5' title='bbox 625 607 679 672; x_wconf 83' lang='lat' dir='ltr'><strong>lv.</strong></span> 
     </span>
     <span class='ocr_line' id='line_1_3' title="bbox 487 750 821 816; baseline -0.024 0"><span class='ocrx_word' id='word_1_6' title='bbox 487 750 821 816; x_wconf 77' lang='lat' dir='ltr'><strong>PAUSANAS.</strong></span> 
     </span>
    </p>
   </div>
   <div class='ocr_carea' id='block_1_3' title="bbox 515 1003 772 1056">
    <p class='ocr_par' dir='ltr' id='par_1_3' title="bbox 515 1003 772 1056">
     <span class='ocr_line' id='line_1_4' title="bbox 515 1003 772 1056; baseline -0.012 -1"><span class='ocrx_word' id='word_1_7' title='bbox 515 1003 772 1056; x_wconf 82' lang='lat' dir='ltr'><strong>ARGUMENTUM.</strong></span> 
     </span>
    </p>
   </div>
   <div class='ocr_carea' id='block_1_4' title="bbox 184 1137 1152 1677">
    <p class='ocr_par' dir='ltr' id='par_1_4' title="bbox 184 1137 1152 1677">
     <span class='ocr_line' id='line_1_5' title="bbox 252 1137 1149 1214; baseline -0.009 -18"><span class='ocrx_word' id='word_1_8' title='bbox 252 1145 318 1214; x_wconf 84' lang='lat' dir='ltr'><strong>Cap.</strong></span> <span class='ocrx_word' id='word_1_9' title='bbox 337 1145 359 1193; x_wconf 92' lang='lat' dir='ltr'><strong>l.</strong></span> <span class='ocrx_word' id='word_1_10' title='bbox 378 1143 518 1192; x_wconf 73' lang='lat' dir='ltr'><strong>Pausanias</strong></span> <span class='ocrx_word' id='word_1_11' title='bbox 536 1140 648 1190; x_wconf 82' lang='lat' dir='ltr'><strong>victoria</strong></span> <span class='ocrx_word' id='word_1_12' title='bbox 666 1139 814 1188; x_wconf 79' lang='lat' dir='ltr'><strong>Plataeensi</strong></span> <span class='ocrx_word' id='word_1_13' title='bbox 834 1137 890 1203; x_wconf 88' lang='lat' dir='ltr'><strong>(die</strong></span> <span class='ocrx_word' id='word_1_14' title='bbox 910 1153 933 1203; x_wconf 83' lang='lat'><strong>7.</strong></span> <span class='ocrx_word' id='word_1_15' title='bbox 953 1137 1010 1189; x_wconf 88' lang='lat' dir='ltr'><strong>Cal.</strong></span> <span class='ocrx_word' id='word_1_16' title='bbox 1030 1137 1149 1190; x_wconf 80' lang='lat' dir='ltr'><strong>Octobr.</strong></span> 
     </span>
     <span class='ocr_line' id='line_1_6' title="bbox 185 1206 1152 1277; baseline -0.007 -15"><span class='ocrx_word' id='word_1_17' title='bbox 185 1227 245 1262; x_wconf 81' lang='lat' dir='ltr'><strong>ann.</strong></span> <span class='ocrx_word' id='word_1_18' title='bbox 265 1213 316 1277; x_wconf 70' lang='lat'><strong>479</strong></span> <span class='ocrx_word' id='word_1_19' title='bbox 340 1227 364 1260; x_wconf 88' lang='lat' dir='ltr'><strong>s.</strong></span> <span class='ocrx_word' id='word_1_20' title='bbox 383 1209 445 1258; x_wconf 82' lang='lat' dir='ltr'><strong>Chr.</strong></span> <span class='ocrx_word' id='word_1_21' title='bbox 464 1206 503 1274; x_wconf 89' lang='lat' dir='ltr'><strong>u.)</strong></span> <span class='ocrx_word' id='word_1_22' title='bbox 533 1210 617 1257; x_wconf 83' lang='lat' dir='ltr'><strong>elulus</strong></span> <span class='ocrx_word' id='word_1_23' title='bbox 643 1206 746 1254; x_wconf 87' lang='lat' dir='ltr'><strong>maiora</strong></span> <span class='ocrx_word' id='word_1_24' title='bbox 771 1206 963 1271; x_wconf 79' lang='lat' dir='ltr'><strong>concupiscere</strong></span> <span class='ocrx_word' id='word_1_25' title='bbox 991 1209 1089 1273; x_wconf 76' lang='lat' dir='ltr'><strong>coepit.</strong></span> <span class='ocrx_word' id='word_1_26' title='bbox 1114 1233 1152 1244; x_wconf 92' lang='lat'><em>-</em></span> 
     </span>
     <span class='ocr_line' id='line_1_7' title="bbox 184 1272 1146 1346; baseline -0.007 -17"><span class='ocrx_word' id='word_1_27' title='bbox 184 1279 218 1329; x_wconf 93' lang='lat'><strong>11.</strong></span> <span class='ocrx_word' id='word_1_28' title='bbox 237 1280 388 1346; x_wconf 74' lang='lat' dir='ltr'><strong>Byzantium</strong></span> <span class='ocrx_word' id='word_1_29' title='bbox 408 1283 554 1342; x_wconf 70' lang='lat' dir='ltr'><strong>expugnat,</strong></span> <span class='ocrx_word' id='word_1_30' title='bbox 575 1291 637 1324; x_wconf 93' lang='lat' dir='ltr'><strong>cum</strong></span> <span class='ocrx_word' id='word_1_31' title='bbox 658 1274 746 1322; x_wconf 78' lang='lat' dir='ltr'><strong>Xerxe</strong></span> <span class='ocrx_word' id='word_1_32' title='bbox 769 1272 872 1336; x_wconf 77' lang='lat' dir='ltr'><strong>egilde</strong></span> <span class='ocrx_word' id='word_1_33' title='bbox 898 1273 1011 1324; x_wconf 78' lang='lat' dir='ltr'><strong>Graecia</strong></span> <span class='ocrx_word' id='word_1_34' title='bbox 1034 1276 1061 1323; x_wconf 91' lang='lat' dir='ltr'><strong>in</strong></span> <span class='ocrx_word' id='word_1_35' title='bbox 1078 1275 1146 1322; x_wconf 85' lang='lat' dir='ltr'><strong>Per-</strong></span> 
     </span>
     <span class='ocr_line' id='line_1_8' title="bbox 186 1339 1148 1408; baseline -0.008 -12"><span class='ocrx_word' id='word_1_36' title='bbox 186 1363 274 1396; x_wconf 86' lang='lat' dir='ltr'><strong>sarum</strong></span> <span class='ocrx_word' id='word_1_37' title='bbox 305 1353 443 1395; x_wconf 84' lang='lat' dir='ltr'><strong>otcslatem</strong></span> <span class='ocrx_word' id='word_1_38' title='bbox 457 1341 610 1405; x_wconf 78' lang='lat' dir='ltr'><strong>redigenda.</strong></span> <span class='ocrx_word' id='word_1_39' title='bbox 626 1370 659 1380; x_wconf 91' lang='lat'><em>-</em></span> <span class='ocrx_word' id='word_1_40' title='bbox 675 1339 721 1388; x_wconf 89' lang='lat'><em>111.</em></span> <span class='ocrx_word' id='word_1_41' title='bbox 738 1339 850 1390; x_wconf 81' lang='lat' dir='ltr'><strong>Medicis</strong></span> <span class='ocrx_word' id='word_1_42' title='bbox 865 1341 996 1403; x_wconf 80' lang='lat' dir='ltr'><strong>moribus,</strong></span> <span class='ocrx_word' id='word_1_43' title='bbox 1010 1341 1148 1408; x_wconf 79' lang='lat' dir='ltr'><strong>superbia,</strong></span> 
     </span>
     <span class='ocr_line' id='line_1_9' title="bbox 186 1407 1148 1478; baseline -0.006 -16"><span class='ocrx_word' id='word_1_44' title='bbox 186 1413 345 1464; x_wconf 75' lang='lat' dir='ltr'><strong>crudelitate</strong></span> <span class='ocrx_word' id='word_1_45' title='bbox 364 1429 392 1461; x_wconf 83' lang='lat' dir='ltr'><strong>se</strong></span> <span class='ocrx_word' id='word_1_46' title='bbox 411 1412 468 1478; x_wconf 88' lang='lat' dir='ltr'><strong>ipse</strong></span> <span class='ocrx_word' id='word_1_47' title='bbox 491 1409 598 1475; x_wconf 74' lang='lat' dir='ltr'><strong>prodii,</strong></span> <span class='ocrx_word' id='word_1_48' title='bbox 617 1409 717 1474; x_wconf 66' lang='lat' dir='ltr'><strong>septula</strong></span> <span class='ocrx_word' id='word_1_49' title='bbox 735 1407 844 1456; x_wconf 91' lang='lat' dir='ltr'><strong>domum</strong></span> <span class='ocrx_word' id='word_1_50' title='bbox 863 1416 1017 1471; x_wconf 83' lang='lat' dir='ltr'><strong>revocatur,</strong></span> <span class='ocrx_word' id='word_1_51' title='bbox 1037 1409 1148 1457; x_wconf 82' lang='lat' dir='ltr'><strong>Helotas</strong></span> 
     </span>
     <span class='ocr_line' id='line_1_10' title="bbox 184 1471 1152 1540; baseline -0.006 -13"><span class='ocrx_word' id='word_1_52' title='bbox 184 1483 319 1530; x_wconf 81' lang='lat' dir='ltr'><strong>sollicilat.</strong></span> <span class='ocrx_word' id='word_1_53' title='bbox 346 1508 379 1519; x_wconf 99' lang='lat'>-</span> <span class='ocrx_word' id='word_1_54' title='bbox 402 1479 448 1528; x_wconf 88' lang='lat' dir='ltr'><strong>IV.</strong></span> <span class='ocrx_word' id='word_1_55' title='bbox 470 1479 621 1526; x_wconf 82' lang='lat' dir='ltr'><strong>Lilerarum</strong></span> <span class='ocrx_word' id='word_1_56' title='bbox 648 1492 708 1524; x_wconf 90' lang='lat' dir='ltr'><strong>cum</strong></span> <span class='ocrx_word' id='word_1_57' title='bbox 735 1475 855 1524; x_wconf 80' lang='lat' dir='ltr'><strong>hostibus</strong></span> <span class='ocrx_word' id='word_1_58' title='bbox 883 1471 1072 1524; x_wconf 75' lang='lat' dir='ltr'><strong>commercium</strong></span> <span class='ocrx_word' id='word_1_59' title='bbox 1097 1487 1152 1540; x_wconf 87' lang='lat' dir='ltr'><strong>per</strong></span> 
     </span>
     <span class='ocr_line' id='line_1_11' title="bbox 185 1542 1147 1610; baseline -0.004 -16"><span class='ocrx_word' id='word_1_60' title='bbox 185 1547 316 1610; x_wconf 79' lang='lat' dir='ltr'><strong>Argilium</strong></span> <span class='ocrx_word' id='word_1_61' title='bbox 330 1545 473 1595; x_wconf 78' lang='lat' dir='ltr'><strong>iudicatur.</strong></span> <span class='ocrx_word' id='word_1_62' title='bbox 492 1572 524 1582; x_wconf 93' lang='lat'><strong>—-</strong></span> <span class='ocrx_word' id='word_1_63' title='bbox 543 1544 576 1592; x_wconf 87' lang='lat' dir='ltr'><strong>V.</strong></span> <span class='ocrx_word' id='word_1_64' title='bbox 593 1544 622 1590; x_wconf 92' lang='lat' dir='ltr'><strong>ln</strong></span> <span class='ocrx_word' id='word_1_65' title='bbox 638 1543 772 1592; x_wconf 85' lang='lat' dir='ltr'><strong>Minervae</strong></span> <span class='ocrx_word' id='word_1_66' title='bbox 786 1543 915 1609; x_wconf 85' lang='lat' dir='ltr'><strong>templum</strong></span> <span class='ocrx_word' id='word_1_67' title='bbox 927 1542 1063 1608; x_wconf 79' lang='lat' dir='ltr'><strong>confugii,</strong></span> <span class='ocrx_word' id='word_1_68' title='bbox 1079 1556 1147 1609; x_wconf 90' lang='lat' dir='ltr'><strong>por·</strong></span> 
     </span>
     <span class='ocr_line' id='line_1_12' title="bbox 185 1607 831 1677; baseline -0.005 -16"><span class='ocrx_word' id='word_1_69' title='bbox 185 1613 218 1661; x_wconf 79' lang='lat' dir='ltr'><strong>lis</strong></span> <span class='ocrx_word' id='word_1_70' title='bbox 238 1613 382 1663; x_wconf 70' lang='lat' dir='ltr'><strong>ubsuuclis</strong></span> <span class='ocrx_word' id='word_1_71' title='bbox 400 1612 438 1661; x_wconf 86' lang='lat' dir='ltr'><strong>ibi</strong></span> <span class='ocrx_word' id='word_1_72' title='bbox 456 1611 569 1660; x_wconf 80' lang='lat' dir='ltr'><strong>moritur</strong></span> <span class='ocrx_word' id='word_1_73' title='bbox 586 1609 650 1677; x_wconf 76' lang='grc'>(469</span> <span class='ocrx_word' id='word_1_74' title='bbox 667 1626 691 1659; x_wconf 83' lang='lat' dir='ltr'><strong>a.</strong></span> <span class='ocrx_word' id='word_1_75' title='bbox 711 1607 773 1660; x_wconf 86' lang='lat' dir='ltr'><strong>Chr.</strong></span> <span class='ocrx_word' id='word_1_76' title='bbox 791 1607 831 1676; x_wconf 88' lang='lat' dir='ltr'><strong>u.)</strong></span> 
     </span>
    </p>
   </div>
   <div class='ocr_carea' id='block_1_5' title="bbox 117 1751 1151 3336">
    <p class='ocr_par' dir='ltr' id='par_1_5' title="bbox 147 1751 1151 3098">
     <span class='ocr_line' id='line_1_13' title="bbox 248 1751 1151 1836; baseline -0.004 -18"><span class='ocrx_word' id='word_1_77' title='bbox 248 1761 271 1818; x_wconf 83' lang='lat'><strong>1.</strong></span> <span class='ocrx_word' id='word_1_78' title='bbox 291 1759 491 1833; x_wconf 70' lang='lat' dir='ltr'><strong>Perusinae,</strong></span> <span class='ocrx_word' id='word_1_79' title='bbox 507 1754 795 1831; x_wconf 84' lang='lat' dir='ltr'><strong>Lacedaemonius,</strong></span> <span class='ocrx_word' id='word_1_80' title='bbox 809 1774 940 1836; x_wconf 81' lang='lat' dir='ltr'><strong>magnus</strong></span> <span class='ocrx_word' id='word_1_81' title='bbox 955 1751 1070 1829; x_wconf 78' lang='lat' dir='ltr'><strong>homo,</strong></span> <span class='ocrx_word' id='word_1_82' title='bbox 1090 1753 1151 1814; x_wconf 82' lang='lat' dir='ltr'><strong>sed</strong></span> 
     </span>
     <span class='ocr_line' id='line_1_14' title="bbox 186 1831 1149 1918; baseline -0.009 -18"><span class='ocrx_word' id='word_1_83' title='bbox 186 1838 292 1900; x_wconf 83' lang='lat' dir='ltr'><strong>varius</strong></span> <span class='ocrx_word' id='word_1_84' title='bbox 313 1838 344 1898; x_wconf 87' lang='lat' dir='ltr'><strong>iu</strong></span> <span class='ocrx_word' id='word_1_85' title='bbox 366 1838 452 1898; x_wconf 90' lang='lat' dir='ltr'><strong>omui</strong></span> <span class='ocrx_word' id='word_1_86' title='bbox 468 1855 587 1918; x_wconf 84' lang='lat' dir='ltr'><strong>genere</strong></span> <span class='ocrx_word' id='word_1_87' title='bbox 603 1834 687 1896; x_wconf 85' lang='lat' dir='ltr'><strong>vitae</strong></span> <span class='ocrx_word' id='word_1_88' title='bbox 708 1835 780 1895; x_wconf 80' lang='lat' dir='ltr'><strong>fais.</strong></span> <span class='ocrx_word' id='word_1_89' title='bbox 820 1836 900 1894; x_wconf 89' lang='lat' dir='ltr'><strong>Nam</strong></span> <span class='ocrx_word' id='word_1_90' title='bbox 920 1845 956 1892; x_wconf 82' lang='lat' dir='ltr'><strong>ut</strong></span> <span class='ocrx_word' id='word_1_91' title='bbox 976 1831 1149 1892; x_wconf 83' lang='lat' dir='ltr'><strong>virtutibus</strong></span> 
     </span>
     <span class='ocr_line' id='line_1_15' title="bbox 148 1912 1149 1995; baseline -0.004 -21"><span class='ocrx_word' id='word_1_92' title='bbox 148 1917 305 1995; x_wconf 74' lang='lat' dir='ltr'><strong>reluxit,</strong></span> <span class='ocrx_word' id='word_1_93' title='bbox 336 1917 381 1978; x_wconf 88' lang='lat' dir='ltr'><strong>sic</strong></span> <span class='ocrx_word' id='word_1_94' title='bbox 402 1915 486 1979; x_wconf 88' lang='lat' dir='ltr'><strong>vitiis</strong></span> <span class='ocrx_word' id='word_1_95' title='bbox 512 1927 560 1975; x_wconf 88' lang='lat' dir='ltr'><strong>est</strong></span> <span class='ocrx_word' id='word_1_96' title='bbox 587 1913 730 1976; x_wconf 84' lang='lat' dir='ltr'><strong>obrutus.</strong></span> <span class='ocrx_word' id='word_1_97' title='bbox 773 1914 875 1974; x_wconf 87' lang='lat' dir='ltr'><strong>Huius</strong></span> <span class='ocrx_word' id='word_1_98' title='bbox 902 1912 1149 1972; x_wconf 82' lang='lat' dir='ltr'><strong>illustrissimum</strong></span> 
     </span>
     <span class='ocr_line' id='line_1_16' title="bbox 188 1991 1149 2088; baseline -0.006 -34"><span class='ocrx_word' id='word_1_99' title='bbox 188 2011 236 2056; x_wconf 84' lang='lat' dir='ltr'><strong>est</strong></span> <span class='ocrx_word' id='word_1_100' title='bbox 255 1997 416 2088; x_wconf 85' lang='lat' dir='ltr'><strong>proelium</strong></span> <span class='ocrx_word' id='word_1_101' title='bbox 437 1996 521 2077; x_wconf 88' lang='lat' dir='ltr'><strong>apud</strong></span> <span class='ocrx_word' id='word_1_102' title='bbox 540 1994 695 2054; x_wconf 82' lang='lat' dir='ltr'><strong>Plataeas.</strong></span> <span class='ocrx_word' id='word_1_103' title='bbox 720 1995 797 2052; x_wconf 91' lang='lat' dir='ltr'><strong>Nam</strong></span> <span class='ocrx_word' id='word_1_104' title='bbox 822 2013 862 2052; x_wconf 90' lang='lat' dir='ltr'><strong>ue</strong></span> <span class='ocrx_word' id='word_1_105' title='bbox 883 1993 938 2051; x_wconf 88' lang='lat' dir='ltr'><strong>illo</strong></span> <span class='ocrx_word' id='word_1_106' title='bbox 961 1991 1043 2050; x_wconf 87' lang='lat' dir='ltr'><strong>duce</strong></span> <span class='ocrx_word' id='word_1_107' title='bbox 1064 1992 1149 2049; x_wconf 84' lang='lat' dir='ltr'><strong>Mar-</strong></span> 
     </span>
     <span class='ocr_line' id='line_1_17' title="bbox 188 2017 1148 2154; baseline -0.006 -21"><span class='ocrx_word' id='word_1_108' title='bbox 188 2074 316 2151; x_wconf 76' lang='lat' dir='ltr'><strong>donius,</strong></span> <span class='ocrx_word' id='word_1_109' title='bbox 337 2088 481 2154; x_wconf 80' lang='lat' dir='ltr'><strong>satrapes</strong></span> <span class='ocrx_word' id='word_1_110' title='bbox 494 2074 618 2152; x_wconf 78' lang='lat' dir='ltr'><strong>regius,</strong></span> <span class='ocrx_word' id='word_1_111' title='bbox 641 2073 766 2131; x_wconf 88' lang='lat' dir='ltr'><strong>natione</strong></span> <span class='ocrx_word' id='word_1_112' title='bbox 787 2017 912 2142; x_wconf 69' lang='lat' dir='ltr'><strong>dedus,</strong></span> <span class='ocrx_word' id='word_1_113' title='bbox 933 2069 1018 2148; x_wconf 74' lang='lat' dir='ltr'><strong>regis</strong></span> <span class='ocrx_word' id='word_1_114' title='bbox 1037 2089 1148 2150; x_wconf 81' lang='lat' dir='ltr'><strong>gener,</strong></span> 
     </span>
     <span class='ocr_line' id='line_1_18' title="bbox 187 2148 1148 2242; baseline -0.002 -34"><span class='ocrx_word' id='word_1_115' title='bbox 187 2150 219 2209; x_wconf 88' lang='lat' dir='ltr'><strong>in</strong></span> <span class='ocrx_word' id='word_1_116' title='bbox 238 2153 348 2242; x_wconf 82' lang='lat' dir='ltr'><strong>primis</strong></span> <span class='ocrx_word' id='word_1_117' title='bbox 371 2153 510 2212; x_wconf 89' lang='lat' dir='ltr'><strong>omnium</strong></span> <span class='ocrx_word' id='word_1_118' title='bbox 530 2153 704 2209; x_wconf 84' lang='lat' dir='ltr'><strong>Persarum</strong></span> <span class='ocrx_word' id='word_1_119' title='bbox 728 2162 761 2208; x_wconf 89' lang='lat' dir='ltr'><strong>et</strong></span> <span class='ocrx_word' id='word_1_120' title='bbox 782 2170 875 2208; x_wconf 84' lang='lat' dir='ltr'><strong>marm</strong></span> <span class='ocrx_word' id='word_1_121' title='bbox 898 2148 993 2206; x_wconf 79' lang='lat' dir='ltr'><strong>fortis</strong></span> <span class='ocrx_word' id='word_1_122' title='bbox 1017 2161 1050 2208; x_wconf 83' lang='lat' dir='ltr'><strong>el</strong></span> <span class='ocrx_word' id='word_1_123' title='bbox 1073 2167 1148 2208; x_wconf 85' lang='lat' dir='ltr'><strong>con-</strong></span> 
     </span>
     <span class='ocr_line' id='line_1_19' title="bbox 187 2225 1148 2309; baseline -0.003 -21"><span class='ocrx_word' id='word_1_124' title='bbox 187 2230 248 2288; x_wconf 80' lang='lat' dir='ltr'><strong>silia</strong></span> <span class='ocrx_word' id='word_1_125' title='bbox 274 2230 403 2309; x_wconf 84' lang='lat' dir='ltr'><strong>plenus,</strong></span> <span class='ocrx_word' id='word_1_126' title='bbox 438 2249 511 2289; x_wconf 91' lang='lat' dir='ltr'><strong>cum</strong></span> <span class='ocrx_word' id='word_1_127' title='bbox 538 2228 682 2286; x_wconf 85' lang='lat' dir='ltr'><strong>ducentis</strong></span> <span class='ocrx_word' id='word_1_128' title='bbox 705 2227 842 2286; x_wconf 86' lang='lat' dir='ltr'><strong>millibus</strong></span> <span class='ocrx_word' id='word_1_129' title='bbox 873 2225 1035 2306; x_wconf 71' lang='lat' dir='ltr'><strong>peditum,</strong></span> <span class='ocrx_word' id='word_1_130' title='bbox 1088 2247 1148 2286; x_wconf 84' lang='lat' dir='ltr'><strong>uos</strong></span> 
     </span>
     <span class='ocr_line' id='line_1_20' title="bbox 190 2248 1149 2388; baseline -0.001 -21"><span class='ocrx_word' id='word_1_131' title='bbox 190 2307 306 2368; x_wconf 80' lang='lat' dir='ltr'><strong>viritim</strong></span> <span class='ocrx_word' id='word_1_132' title='bbox 322 2309 464 2388; x_wconf 73' lang='lat' dir='ltr'><strong>legerat,</strong></span> <span class='ocrx_word' id='word_1_133' title='bbox 483 2317 516 2365; x_wconf 86' lang='lat' dir='ltr'><strong>ct</strong></span> <span class='ocrx_word' id='word_1_134' title='bbox 537 2305 648 2384; x_wconf 80' lang='lat' dir='ltr'><strong>viginti</strong></span> <span class='ocrx_word' id='word_1_135' title='bbox 663 2304 801 2364; x_wconf 87' lang='lat' dir='ltr'><strong>millibus</strong></span> <span class='ocrx_word' id='word_1_136' title='bbox 817 2307 976 2388; x_wconf 78' lang='lat' dir='ltr'><strong>equitum,</strong></span> <span class='ocrx_word' id='word_1_137' title='bbox 997 2248 1087 2366; x_wconf 73' lang='lat' dir='ltr'><strong>haud</strong></span> <span class='ocrx_word' id='word_1_138' title='bbox 1104 2307 1149 2366; x_wconf 88' lang='lat' dir='ltr'><strong>ita</strong></span> 
     </span>
     <span class='ocr_line' id='line_1_21' title="bbox 186 2380 1149 2478; baseline -0.002 -32"><span class='ocrx_word' id='word_1_139' title='bbox 186 2408 299 2468; x_wconf 80' lang='lat' dir='ltr'><strong>magua</strong></span> <span class='ocrx_word' id='word_1_140' title='bbox 321 2407 415 2446; x_wconf 86' lang='lat' dir='ltr'><strong>manu</strong></span> <span class='ocrx_word' id='word_1_141' title='bbox 436 2385 569 2444; x_wconf 89' lang='lat' dir='ltr'><strong>Graecia</strong></span> <span class='ocrx_word' id='word_1_142' title='bbox 585 2382 616 2460; x_wconf 78' lang='grc'><strong>3)</strong></span> <span class='ocrx_word' id='word_1_143' title='bbox 637 2383 765 2463; x_wconf 82' lang='lat' dir='ltr'><strong>fugatus</strong></span> <span class='ocrx_word' id='word_1_144' title='bbox 787 2396 853 2462; x_wconf 75' lang='lat' dir='ltr'><strong>est,</strong></span> <span class='ocrx_word' id='word_1_145' title='bbox 875 2406 981 2478; x_wconf 76' lang='lat' dir='ltr'><strong>eoque</strong></span> <span class='ocrx_word' id='word_1_146' title='bbox 994 2380 1061 2466; x_wconf 85' lang='lat' dir='ltr'><strong>ipse</strong></span> <span class='ocrx_word' id='word_1_147' title='bbox 1083 2385 1149 2444; x_wconf 81' lang='lat' dir='ltr'><strong>dux</strong></span> 
     </span>
     <span class='ocr_line' id='line_1_22' title="bbox 147 2463 1149 2552; baseline -0.006 -24"><span class='ocrx_word' id='word_1_148' title='bbox 147 2467 166 2528; x_wconf 79' lang='lat'><em>3</em></span> <span class='ocrx_word' id='word_1_149' title='bbox 189 2466 306 2526; x_wconf 83' lang='lat' dir='ltr'><strong>eccidit</strong></span> <span class='ocrx_word' id='word_1_150' title='bbox 325 2465 462 2545; x_wconf 86' lang='lat' dir='ltr'><strong>proelio.</strong></span> <span class='ocrx_word' id='word_1_151' title='bbox 488 2464 561 2552; x_wconf 80' lang='lat' dir='ltr'><strong>Qua</strong></span> <span class='ocrx_word' id='word_1_152' title='bbox 580 2463 713 2523; x_wconf 85' lang='lat' dir='ltr'><strong>victoria</strong></span> <span class='ocrx_word' id='word_1_153' title='bbox 733 2465 834 2524; x_wconf 86' lang='lat' dir='ltr'><strong>elatus</strong></span> <span class='ocrx_word' id='word_1_154' title='bbox 853 2466 990 2544; x_wconf 82' lang='lat' dir='ltr'><strong>plurama</strong></span> <span class='ocrx_word' id='word_1_155' title='bbox 1011 2465 1149 2526; x_wconf 80' lang='lat' dir='ltr'><strong>miscere</strong></span> 
     </span>
     <span class='ocr_line' id='line_1_23' title="bbox 187 2542 1147 2624; baseline 0 -20"><span class='ocrx_word' id='word_1_156' title='bbox 187 2545 313 2624; x_wconf 83' lang='lat' dir='ltr'><strong>coepit,</strong></span> <span class='ocrx_word' id='word_1_157' title='bbox 336 2556 369 2604; x_wconf 86' lang='lat' dir='ltr'><strong>ct</strong></span> <span class='ocrx_word' id='word_1_158' title='bbox 392 2545 512 2624; x_wconf 85' lang='lat' dir='ltr'><strong>maiora</strong></span> <span class='ocrx_word' id='word_1_159' title='bbox 533 2542 771 2621; x_wconf 84' lang='lat' dir='ltr'><strong>concupiscere.</strong></span> <span class='ocrx_word' id='word_1_160' title='bbox 809 2543 875 2604; x_wconf 89' lang='lat' dir='ltr'><strong>Sed</strong></span> <span class='ocrx_word' id='word_1_161' title='bbox 894 2544 1032 2624; x_wconf 90' lang='lat' dir='ltr'><strong>primum</strong></span> <span class='ocrx_word' id='word_1_162' title='bbox 1053 2545 1084 2604; x_wconf 89' lang='lat' dir='ltr'><strong>iu</strong></span> <span class='ocrx_word' id='word_1_163' title='bbox 1106 2565 1147 2604; x_wconf 88' lang='lat' dir='ltr'><strong>co</strong></span> 
     </span>
     <span class='ocr_line' id='line_1_24' title="bbox 188 2621 1149 2716; baseline 0 -34"><span class='ocrx_word' id='word_1_164' title='bbox 188 2635 238 2683; x_wconf 85' lang='lat' dir='ltr'><strong>est</strong></span> <span class='ocrx_word' id='word_1_165' title='bbox 257 2623 489 2716; x_wconf 81' lang='lat' dir='ltr'><strong>reprehensus,</strong></span> <span class='ocrx_word' id='word_1_166' title='bbox 513 2621 600 2704; x_wconf 84' lang='lat' dir='ltr'><strong>quod</strong></span> <span class='ocrx_word' id='word_1_167' title='bbox 620 2641 659 2680; x_wconf 86' lang='lat' dir='ltr'><strong>ex</strong></span> <span class='ocrx_word' id='word_1_168' title='bbox 682 2623 803 2702; x_wconf 83' lang='lat' dir='ltr'><strong>praeda</strong></span> <span class='ocrx_word' id='word_1_169' title='bbox 825 2623 987 2703; x_wconf 84' lang='lat' dir='ltr'><strong>tripodem</strong></span> <span class='ocrx_word' id='word_1_170' title='bbox 1015 2645 1149 2684; x_wconf 85' lang='lat' dir='ltr'><strong>aureum</strong></span> 
     </span>
     <span class='ocr_line' id='line_1_25' title="bbox 187 2701 1149 2838; baseline 0.002 -78"><span class='ocrx_word' id='word_1_171' title='bbox 187 2702 323 2783; x_wconf 83' lang='lat' dir='ltr'><strong>Delphis</strong></span> <span class='ocrx_word' id='word_1_172' title='bbox 337 2703 513 2783; x_wconf 79' lang='lat' dir='ltr'><strong>posuisset,</strong></span> <span class='ocrx_word' id='word_1_173' title='bbox 538 2701 765 2838; x_wconf 51' lang='lat' dir='ltr'><strong>cpifframmate</strong></span> <span class='ocrx_word' id='word_1_174' title='bbox 783 2703 921 2782; x_wconf 76' lang='lat' dir='ltr'><strong>scripio,</strong></span> <span class='ocrx_word' id='word_1_175' title='bbox 941 2701 972 2760; x_wconf 88' lang='lat' dir='ltr'><strong>iu</strong></span> <span class='ocrx_word' id='word_1_176' title='bbox 1014 2723 1056 2763; x_wconf 91' lang='lat' dir='ltr'><strong>uo</strong></span> <span class='ocrx_word' id='word_1_177' title='bbox 1078 2715 1149 2762; x_wconf 85' lang='lat' dir='ltr'><strong>erat</strong></span> 
     </span>
     <span class='ocr_line' id='line_1_26' title="bbox 187 2779 1148 2859; baseline 0.001 -19"><span class='ocrx_word' id='word_1_178' title='bbox 187 2780 266 2842; x_wconf 88' lang='lat' dir='ltr'><strong>haec</strong></span> <span class='ocrx_word' id='word_1_179' title='bbox 294 2781 465 2841; x_wconf 80' lang='lat' dir='ltr'><strong>sessteutia:</strong></span> <span class='ocrx_word' id='word_1_180' title='bbox 503 2800 560 2839; x_wconf 91' lang='lat' dir='ltr'><strong>suo</strong></span> <span class='ocrx_word' id='word_1_181' title='bbox 608 2791 685 2838; x_wconf 85' lang='lat' dir='ltr'><strong>uctu</strong></span> <span class='ocrx_word' id='word_1_182' title='bbox 712 2779 863 2841; x_wconf 87' lang='lat' dir='ltr'><strong>barbaros</strong></span> <span class='ocrx_word' id='word_1_183' title='bbox 893 2779 978 2859; x_wconf 89' lang='lat' dir='ltr'><strong>apud</strong></span> <span class='ocrx_word' id='word_1_184' title='bbox 1031 2781 1148 2841; x_wconf 79' lang='lat' dir='ltr'><strong>lataeas</strong></span> 
     </span>
     <span class='ocr_line' id='line_1_27' title="bbox 189 2859 1147 2941; baseline 0.001 -23"><span class='ocrx_word' id='word_1_185' title='bbox 189 2879 258 2920; x_wconf 83' lang='lat' dir='ltr'><strong>esse</strong></span> <span class='ocrx_word' id='word_1_186' title='bbox 280 2860 421 2934; x_wconf 80' lang='lat' dir='ltr'><strong>deletos,</strong></span> <span class='ocrx_word' id='word_1_187' title='bbox 443 2859 575 2940; x_wconf 85' lang='lat' dir='ltr'><strong>eiusque</strong></span> <span class='ocrx_word' id='word_1_188' title='bbox 595 2859 751 2920; x_wconf 85' lang='lat' dir='ltr'><strong>victoriae</strong></span> <span class='ocrx_word' id='word_1_189' title='bbox 772 2881 851 2941; x_wconf 76' lang='lat' dir='ltr'><strong>ergo</strong></span> <span class='ocrx_word' id='word_1_190' title='bbox 868 2859 1007 2939; x_wconf 82' lang='lat' dir='ltr'><strong>Apollini</strong></span> <span class='ocrx_word' id='word_1_191' title='bbox 1028 2859 1147 2919; x_wconf 89' lang='lat' dir='ltr'><strong>donum</strong></span> 
     </span>
     <span class='ocr_line' id='line_1_28' title="bbox 147 2937 1148 3018; baseline 0.001 -21"><span class='ocrx_word' id='word_1_192' title='bbox 147 2937 324 3008; x_wconf 70' lang='lat' dir='ltr'><strong>hdedissc.</strong></span> <span class='ocrx_word' id='word_1_193' title='bbox 365 2939 434 2998; x_wconf 89' lang='lat' dir='ltr'><strong>Hos</strong></span> <span class='ocrx_word' id='word_1_194' title='bbox 471 2957 582 2998; x_wconf 80' lang='lat' dir='ltr'><strong>versus</strong></span> <span class='ocrx_word' id='word_1_195' title='bbox 614 2938 857 2999; x_wconf 70' lang='lat' dir='ltr'><strong>laaecdacmouii</strong></span> <span class='ocrx_word' id='word_1_196' title='bbox 889 2939 1148 3018; x_wconf 81' lang='lat' dir='ltr'><strong>exsculpserunt,</strong></span> 
     </span>
     <span class='ocr_line' id='line_1_29' title="bbox 188 3013 1148 3098; baseline 0.003 -24"><span class='ocrx_word' id='word_1_197' title='bbox 188 3035 294 3096; x_wconf 87' lang='lat' dir='ltr'><strong>neque</strong></span> <span class='ocrx_word' id='word_1_198' title='bbox 318 3013 403 3074; x_wconf 82' lang='lat' dir='ltr'><strong>aliud</strong></span> <span class='ocrx_word' id='word_1_199' title='bbox 431 3016 642 3096; x_wconf 83' lang='lat' dir='ltr'><strong>scripserunt,</strong></span> <span class='ocrx_word' id='word_1_200' title='bbox 673 3037 767 3098; x_wconf 82' lang='lat' dir='ltr'><strong>quam</strong></span> <span class='ocrx_word' id='word_1_201' title='bbox 791 3017 916 3078; x_wconf 90' lang='lat' dir='ltr'><strong>nomina</strong></span> <span class='ocrx_word' id='word_1_202' title='bbox 941 3037 1050 3080; x_wconf 83' lang='lat' dir='ltr'><strong>earum</strong></span> <span class='ocrx_word' id='word_1_203' title='bbox 1071 3017 1148 3078; x_wconf 88' lang='lat' dir='ltr'><strong>civi·</strong></span> 
     </span>
    </p>

    <p class='ocr_par' dir='ltr' id='par_1_6' title="bbox 117 3095 1148 3336">
     <span class='ocr_line' id='line_1_30' title="bbox 117 3095 956 3170; baseline 0 -16"><span class='ocrx_word' id='word_1_204' title='bbox 117 3157 121 3170; x_wconf 45' lang='grc'>,</span> <span class='ocrx_word' id='word_1_205' title='bbox 188 3105 305 3168; x_wconf 85' lang='lat' dir='ltr'><strong>tatum,</strong></span> <span class='ocrx_word' id='word_1_206' title='bbox 351 3115 464 3156; x_wconf 89' lang='lat' dir='ltr'><strong>uarum</strong></span> <span class='ocrx_word' id='word_1_207' title='bbox 488 3095 603 3154; x_wconf 81' lang='lat' dir='ltr'><strong>auxilio</strong></span> <span class='ocrx_word' id='word_1_208' title='bbox 623 3096 741 3155; x_wconf 83' lang='lat' dir='ltr'><strong>Persae</strong></span> <span class='ocrx_word' id='word_1_209' title='bbox 763 3108 852 3156; x_wconf 86' lang='lat' dir='ltr'><strong>eraut</strong></span> <span class='ocrx_word' id='word_1_210' title='bbox 873 3095 956 3155; x_wconf 81' lang='lat' dir='ltr'><strong>vicli.</strong></span> 
     </span>
     <span class='ocr_line' id='line_1_31' title="bbox 268 3173 1148 3254; baseline 0.008 -24"><span class='ocrx_word' id='word_1_211' title='bbox 268 3175 306 3231; x_wconf 93' lang='lat' dir='ltr'><strong>Il.</strong></span> <span class='ocrx_word' id='word_1_212' title='bbox 370 3187 421 3233; x_wconf 90' lang='lat' dir='ltr'><strong>ost</strong></span> <span class='ocrx_word' id='word_1_213' title='bbox 447 3173 480 3234; x_wconf 90' lang='lat' dir='ltr'><strong>id</strong></span> <span class='ocrx_word' id='word_1_214' title='bbox 507 3174 666 3254; x_wconf 86' lang='lat' dir='ltr'><strong>proelium</strong></span> <span class='ocrx_word' id='word_1_215' title='bbox 690 3175 839 3233; x_wconf 87' lang='lat' dir='ltr'><strong>cumdem</strong></span> <span class='ocrx_word' id='word_1_216' title='bbox 858 3176 1043 3236; x_wconf 83' lang='lat' dir='ltr'><strong>Pausaniam</strong></span> <span class='ocrx_word' id='word_1_217' title='bbox 1075 3196 1148 3236; x_wconf 86' lang='lat' dir='ltr'><strong>cum</strong></span> 
     </span>
     <span class='ocr_line' id='line_1_32' title="bbox 189 3252 1148 3336; baseline 0.003 -22"><span class='ocrx_word' id='word_1_218' title='bbox 189 3252 289 3328; x_wconf 84' lang='lat' dir='ltr'><strong>classe</strong></span> <span class='ocrx_word' id='word_1_219' title='bbox 304 3255 461 3314; x_wconf 84' lang='lat' dir='ltr'><strong>cosnmuui</strong></span> <span class='ocrx_word' id='word_1_220' title='bbox 470 3255 610 3335; x_wconf 87' lang='lat' dir='ltr'><strong>Cyprum</strong></span> <span class='ocrx_word' id='word_1_221' title='bbox 624 3264 718 3336; x_wconf 85' lang='lat' dir='ltr'><strong>atq&#39;ue</strong></span> <span class='ocrx_word' id='word_1_222' title='bbox 728 3254 972 3333; x_wconf 82' lang='lat' dir='ltr'><strong>Hellespontum</strong></span> <span class='ocrx_word' id='word_1_223' title='bbox 984 3257 1148 3332; x_wconf 85' lang='lat' dir='ltr'><strong>miseruut,</strong></span> 
     </span>
    </p>
   </div>
   <div class='ocr_carea' id='block_1_6' title="bbox 250 3460 673 3530">
    <p class='ocr_par' dir='ltr' id='par_1_7' title="bbox 250 3460 673 3530">
     <span class='ocr_line' id='line_1_33' title="bbox 250 3460 673 3530; baseline -0.009 -14"><span class='ocrx_word' id='word_1_224' title='bbox 250 3464 277 3530; x_wconf 79' lang='lat'><strong>3)</strong></span> <span class='ocrx_word' id='word_1_225' title='bbox 296 3466 341 3516; x_wconf 88' lang='lat' dir='ltr'><strong>all.</strong></span> <span class='ocrx_word' id='word_1_226' title='bbox 362 3465 501 3524; x_wconf 74' lang='lat' dir='ltr'><strong>Graeciae,</strong></span> <span class='ocrx_word' id='word_1_227' title='bbox 521 3463 555 3513; x_wconf 87' lang='lat' dir='ltr'><strong>cl&#39;.</strong></span> <span class='ocrx_word' id='word_1_228' title='bbox 572 3460 673 3513; x_wconf 86' lang='lat' dir='ltr'><strong>Giinth.</strong></span> 
     </span>
    </p>
   </div>
   <div class='ocr_carea' id='block_1_7' title="bbox 0 0 1266 3872">
    <p class='ocr_par' dir='ltr' id='par_1_8' title="bbox 0 0 1266 3872">
     <span class='ocr_line' id='line_1_34' title="bbox 0 0 1266 3872; baseline 0 2"><span class='ocrx_word' id='word_1_229' title='bbox 0 0 1266 3872; x_wconf 95' lang='lat' dir='ltr'><strong> </strong></span> 
     </span>
    </p>
   </div>
  </div>
 </body>
</html>
