2564 3872
91 490 93 493 Ι
195 423 236 489 qo
459 403 529 470 XV.
549 420 798 465 transtrorum.
820 421 849 486 o
876 405 922 466 to'.

276 567 330 627 tx.
356 566 419 628 Hic
434 578 578 628 extremo
599 575 747 648 tempore
769 562 946 645 imperator
965 563 1050 648 apud
1067 567 1159 627 idan-

195 646 311 708 tineam
326 668 426 729 quum
441 647 509 706 acie
524 645 679 707 instructa
692 642 840 704 audacius
855 641 986 703 instaret
999 643 1108 705 hostes
1127 647 1158 726 ⁵)

195 727 342 806 cognitus
372 724 690 802 aLacedaemoniis3
720 721 809 812 quod
836 722 868 782 in
892 722 987 782 unius
1010 723 1158 817 pernicie

195 806 263 866 eius
285 801 316 885 θ)
339 804 459 887 patriae
486 805 576 864 sitam
603 802 761 886 putabant
786 800 938 876 salutem,
965 803 1105 864 universi
1125 804 1158 866 in

193 905 293 951 unum
313 885 467 966 impetum
487 882 654 958 fecerunt,
677 879 896 965 nequeiprius
917 879 1158 961 abscesserunt,

194 983 423 1064 quam-magna
443 963 541 1024 caede
560 962 647 1023 i'acta
668 957 698 1040 i)
719 961 890 1042 multisque
913 959 1025 1023 occisis
1046 959 1157 1022 fortis-
1263 965 1268 971 “

194 1061 273 1103 sime
295 1059 400 1132 ipsum
421 1041 672 1124 Epaminondam
692 1050 903 1126 pugnantem,
923 1059 1018 1118 sparo
1033 1041 1157 1106 eminus
1181 1087 1185 1092 .
1276 1087 1277 1090 ,

154 1135 173 1178 s
193 1141 398 1202 percussum,
420 1119 590 1184 concidere
611 1119 769 1184 viderunt.
797 1117 900 1178 Huius
921 1129 996 1180 cas'u
1016 1117 1158 1206 aliquan.

192 1211 261 1260 tum
280 1201 434 1264 retardati
448 1212 521 1260 sunt
533 1199 679 1276 Boeotii3
699 1217 805 1280 neque
819 1210 925 1258 tamen
939 1197 1028 1278 prius
1048 1220 1157 1282 pugna

152 1277 416 1357 dcxoesserunt,
442 1289 547 1362 ‘quam
580 1290 794 1361 repugnantes
831 1274 1051 1358 profligarunt.
1113 1280 1157 1340 At

192 1359 425 1440 Epaminondas
449 1379 548 1442 quum
572 1358 857 1433 animadverteret,
888 1354 1092 1422 mortiferum
1120 1379 1156 1420 se

191 1439 307 1505 vulnus
328 1439 500 1527 accepisse,
522 1437 698 1526 simulque,
718 1439 746 1500 si
768 1435 908 1510 sermm,
930 1435 1018 1520 quod
1039 1456 1078 1500 ex
1100 1436 1157 1498 ha-

193 1517 257 1580 stili
277 1518 309 1576 in
331 1536 472 1599 corpore
483 1529 695 1594 remanserat,
716 1515 922 1590 extraxisset,
944 1513 1075 1575 animam
1091 1528 1156 1578 sta-

192 1595 250 1656 tim
265 1595 467 1659 emissurumt
482 1616 585 1692 usquo
600 1615 640 1657 eo
653 1596 800 1672 retinnit,
818 1591 925 1680 quoad
941 1595 1155 1658 renuntiatum

152 1680 259 1748 test,
285 1674 400 1738 vicisse
427 1679 591 1738 Boeotios.
631 1674 667 1736 ld
695 1689 865 1768 postquam
893 1672 1029 1750 audivit3
1060 1675 1181 1754 satis,·
1276 1699 1277 1708 ¹

165 1827 170 1840 Ι
192 1753 312 1843 inquit,
335 1755 415 1824 vixi:
442 1755 578 1817 invictus
599 1755 683 1818 enim
707 1775 838 1818 morton.
879 1755 965 1818 Tum
986 1751 1076 1815 ferro
1099 1774 1158 1820 ex·

190 1842 296 1894 tracto
318 1834 486 1897 confestim
508 1834 700 1896 exanimatus
722 1845 780 1896 est.

269 1913 308 1974 X.
337 1915 400 1976 Hic
420 1935 555 1978 uxorem
572 1935 648 1977 num
672 1935 746 1974 uam
766 1911 866 1978 duxit.
906 1913 1028 2002 inquo
1053 1934 1154 1996 quum

190 2011 228 2053 re
252 1992 505 2070 rehenderetur,
537 1993 625 2077 quod
650 1935 776 2057 isberos
800 2013 864 2054 non
890 1991 1106 2074 relinqueret,
1134 2015 1153 2054 a

190 2013 363 2152 Peioptda,
384 2074 441 2157 qui
454 2072 554 2132 iiiium
568 2071 708 2133 habebat
722 2070 805 2131 infar
832 2093 888 2150 em,
908 2071 1056 2160 maleque
1078 2091 1154 2133 eum

152 2166 170 2208 a
191 2149 222 2208 in
244 2170 284 2211 eo
304 2153 425 2232 patriae
446 2152 614 2214 consulere
636 2150 774 2211 diceret:
799 2149 890 2224 vide,
910 2149 1030 2235 inquit,
1053 2171 1093 2210 ne
1114 2163 1153 2212 tu

190 2227 283 2311 peius
311 2232 477 2305 consulas,
503 2229 558 2314 qui
584 2230 681 2290 talem
709 2249 749 2290 ex
776 2239 811 2290 tc
837 2243 945 2290 natum
979 2228 1152 2294 relictum

191 2309 243 2368 sis.
283 2309 397 2391 Neque
418 2329 498 2371 vero
519 2307 615 2388 stirps
636 2309 712 2370 mihi
731 2321 839 2392 potest
861 2309 983 2374 deesse.
1005 2309 1152 2392 Namque

190 2407 231 2448 ex
250 2407 301 2446 me
313 2399 417 2447 natam
432 2388 579 2475 relinquo
588 2389 731 2470 *pugnam
747 2390 967 2460 Leuctricam,
988 2405 1070 2476 quae
1086 2408 1152 2464 non

190 2467 289 2530 modo
309 2465 386 2529 mihi
408 2478 588 2548 superstes,
617 2469 675 2528 sed
703 2469 797 2530 etiam
824 2465 1010 2528 immortalis
1032 2465 1073 2526 sit
1094 2487 1152 2528 ne-

149 2545 280 2610 dcesse
312 2557 369 2606 cst.
416 2547 492 2634 Quo
522 2557 686 2627 tempore,
714 2548 796 2608 duee
824 2549 906 2614 Pelo
930 2544 999 2621 ida,
1024 2545 1151 2613 exsules

190 2623 316 2686 'l'hebas
332 2646 414 2687 occu
437 2637 547 2704 arunt,
568 2638 601 2686 et
617 2627 810 2707 praesidium
823 2568 1151 2691 Lacedaemoniorum

124 2764 126 2769 ,
190 2721 230 2763 ex
245 2725 320 2766 arce
334 2649 541 2800 expuierunt,
562 2707 811 2828 Epaminondas,
833 2703 984 2794 quamdiu
999 2702 1083 2764 facta
1099 2715 1151 2767 est

189 2783 304 2844 caedes
321 2785 454 2864 civium,
476 2784 572 2848 domo
606 2784 671 2864 >sc
686 2787 804 2852 tenuit:
825 2785 914 2870 quod
928 2803 1033 2872 neque
1047 2783 1149 2844 maios

188 2860 364 2925 defendere
380 2864 527 2940 volebat,
547 2885 653 2948 neque
668 2864 872 3009 irqpugnare,
892 2885 932 2928 ne
947 2882 1057 2926 mamus¹
1073 2881 1150 2922 suo-

187 2961 259 3002 rum
285 2944 436 3026 sanguine
464 2955 655 3011 cruentaret.
726 2965 841 3036 amque
869 2961 995 3010 omnem
1020 2940 1149 3006 civilem

283 3135 291 3152 t

238 3203 265 3271 5)
285 3202 377 3261 Codd.
395 3213 502 3272 praeter
518 3207 585 3259 Dan.
604 3207 703 3260 habent
721 3206 862 3272 hostibus,
881 3203 980 3274 probat
996 3201 1099 3254 Daehn.
1113 3231 1147 3245 -·

187 3271 216 3339 6)
234 3273 328 3322 Lamb·
344 3271 419 3324 dedit
432 3273 491 3323 eius
509 3277 592 3326 utrius
622 3277 730 3326 errzieie.
756 3275 837 3326 Deest
856 3276 915 3324 eius
929 3273 956 3323 in
969 3271 1051 3324 codd.
1066 3270 1146 3320 Leid.

186 3341 215 3390 B.
232 3339 308 3390 Voss.
327 3339 356 3388 Β.
384 3365 417 3380 -
446 3339 473 3408 7)
490 3340 576 3410 facto
593 3295 669 3394 deest
686 3344 714 3393 in
738 3341 821 3394 codd.
838 3343 909 3412 plur.
935 3367 969 3381 -
995 3338 1151 3393 amiserunt

186 3408 254 3460 Tin.
275 3405 375 3459 Daehn.
393 3408 428 3459 ci.
446 3407 534 3460 Brem.

235 3474 263 3545 8)
286 3477 374 3532 Weta.
392 3473 467 3529 domi
483 3492 497 3529 e
516 3473 678 3544 quibusdam
694 3475 756 3530 edd.
774 3485 839 3532 vett.
