2564 3872
181 402 220 486 qb
463 395 561 460 XVII.
581 413 782 486 sessurus.
796 417 819 457 ι.
838 415 867 461 a·

182 563 213 622 in
238 557 367 620 alterius
387 555 524 616 familiae
550 555 657 617 locum
677 557 750 617 fieri
772 577 835 619 non
862 553 986 618 licebat.
1028 561 1075 618 Ita
1100 579 1146 620 ue

182 653 319 722 utraque
340 657 432 695 suum
451 635 610 696 retinebat
630 636 783 696 ordinem.
819 638 962 697 Primum
985 639 1066 697 ratio
1078 579 1145 698 ha-

183 721 337 792 bebatur,
365 717 420 797 qui
450 715 603 773 maximus
630 727 706 774 natu
734 727 823 776 esset
852 736 891 776 ex
918 717 1028 777 liberis
1054 717 1144 794 eius,

183 800 238 882 qui
267 815 401 876 regnans
434 794 630 854 decessisset.
673 794 727 854 Sin
752 795 778 854 is
799 795 926 856 virilem
946 815 1056 856 sexum
1072 819 1152 857 non

182 877 379 958 reliquisset,
405 887 472 933 tum
494 873 696 954 deligebatur
718 875 769 1013 eq,
799 875 854 956 qui
872 875 1036 955 proximus
1058 889 1145 936 esset

142 953 431 1037 apropinquitate.
472 953 617 1019 Mortuus
643 963 711 1012 erat
765 953 811 1035 gis
837 975 911 1030 rex,
935 952 1084 1013 fraterA
1109 973 1144 1014 e-
1206 981 1210 985 ·

182 1036 259 1094 silai.
308 1032 425 1092 Filium
459 1032 635 1112 reliquerat
670 1032 917 1112 Leotychidem,
954 1053 1050 1114 quem
1086 975 1143 1094 dle
1216 1040 1225 1057 '

181 1127 288 1174 natum
310 1112 340 1190 3)
361 1134 425 1173 non
446 1123 594 1189 affuerat,
626 1111 773 1170 eumdem
796 1111 935 1170 moriens
957 1131 1049 1171 suum
1070 1133 1141 1172 esse

184 1193 316 1252 dixerat.
356 1193 384 1249 ls
406 1191 446 1250 de
465 1157 593 1250 honore
613 1191 705 1270 regni
726 1202 798 1250 cum
814 1191 986 1282 agesilao,
1008 1211 1065 1249 suo
1087 1213 1151 1272 pa-¹

182 1283 272 1346 truo,
293 1271 469 1330 contendit:
494 1289 600 1350 neque
621 1269 670 1344 id,
693 1267 782 1350 quod
825 1269 929 1344 elavit,
952 1281 1143 1330 consecutus

143 1353 163 1412 5
185 1363 241 1410 est.
283 1351 361 1408 Nam
382 1348 544 1427 Lysandro
575 1345 675 1406 suffra
701 1360 788 1424 mite,
801 1290 956 1424 homine,
979 1357 1016 1407 ut
1037 1360 1144 1409 osten·

183 1430 285 1488 dimus
313 1449 426 1508 supra,
456 1426 593 1486 factioso
625 1438 659 1486 et
712 1427 735 1487 's
760 1427 960 1508 temporibus
987 1440 1146 1508 potente,

182 1508 348 1588 Agesilaus
374 1505 527 1564 antelatus
550 1516 607 1564 est.
1003 1573 1006 1584 .

262 1587 299 1643 ll.
333 1585 395 1642 Hic
416 1579 508 1642 simul
524 1593 620 1664 atque
643 1579 674 1663 a)
695 1583 820 1666 imperii
837 1585 958 1666 potitus
982 1597 1045 1661 est,
1068 1585 1144 1666 p'er-

182 1665 280 1724 suasit
309 1661 586 1738 Lacedaemoniis,
619 1673 656 1722 ut
683 1665 861 1724 exercitum
895 1666 1079 1725 emitterent
1109 1663 1144 1724 in

184 1745 306 1819 Asiam,
328 1741 514 1822 bellumque
532 1743 604 1822 regi
619 1741 781 1804 facerent:
803 1741 939 1820 docens,
961 1743 1056 1802 satius
1073 1763 1144 1804 esse

182 1823 214 1885 in
228 1822 313 1898 Asia,
358 1842 428 1880 uam
449 1821 481 1880 in
501 1823 634 1902 Europa
649 1821 792 1884 dimicari
815 1821 854 1900 5).
895 1825 1037 1906 Namque
1059 1820 1145 1882 fama

183 1903 320 1977 exierat,
370 1915 550 1962 rtaxerxem
571 1921 758 1980 comparare
776 1902 893 1960 classes
908 1902 1143 1983 pedestresque

143 1983 363 2057 eexercitus,
396 2001 475 2064 quos
505 1981 537 2038 in
559 1980 726 2039 Graeciam
753 1980 905 2040 mitteret.
945 1983 1028 2040 Data
1050 1991 1145 2060 pote·

182 2073 280 2137 state,
311 2072 396 2120 tanta
421 2059 586 2118 celeritate
608 2079 684 2118 usus
715 2071 778 2136 est,
805 2069 842 2118 ut
868 2059 957 2140 prius
980 2059 1011 2117 in
1036 2057 1144 2118 Asiam

183 2161 257 2200 cum
285 2140 384 2218 copiis
417 2138 621 2217 pervenerit,
654 2159 749 2220 quam
780 2137 862 2219 regii
895 2149 1038 2218 satrapae
1069 2157 1145 2196 eum

182 2220 299 2280 scirent
322 2217 515 2298 profectum.
558 2217 631 2292 Quo
659 2225 779 2278 factum
802 2229 866 2294 est,
898 2229 931 2276 ut
954 2236 1063 2278 omnes
1086 2215 1145 2274 im·

183 2309 310 2378 paratos
334 2294 618 2376 imprudentesque
640 2295 832 2355 offenderet.
873 2295 908 2354 ld
932 2307 967 2356 ut
992 2295 1145 2378 cognovit

184 2375 428 2456 Tissaphernes,
446 2374 501 2454 qui
513 2392 670 2432 summum
686 2375 855 2456 imperium
871 2385 939 2438 tum
954 2375 1038 2435 inter
1052 2394 1148 2454 praes

184 2456 289 2517 l'eetos
316 2451 455 2512 habebat
486 2451 611 2532 regios,
639 2453 780 2512 inducias
807 2473 824 2511 a
855 2456 983 2515 Lacone
1011 2453 1144 2534 petivit,

185 2534 350 2608 simulans,
378 2551 413 2591 se
441 2530 517 2590 dare
551 2551 701 2612 operam,
728 2545 765 2592 ut
784 2531 1043 2595 Lacedaemoniis
1071 2552 1145 2592 cum

184 2632 264 2692 rege
291 2609 478 2672 conveniret
486 2631 495 2686 3
522 2630 559 2670 re
584 2623 690 2671 autem
714 2631 793 2674 vera
817 2610 857 2670 ad
885 2612 992 2692 copias
1017 2631 1148 2692 eompa-

144 2691 314 2767 4randas:
337 2709 454 2772 easque
475 2691 518 2748 im
538 2691 657 2751 'stravit
677 2691 865 2750 trimestres.
898 2691 1017 2752 Iuravit
1039 2701 1148 2750 autem·

140 2803 142 2810 κ
183 2781 338 2854 uterque,
368 2789 403 2828 se
430 2769 501 2828 sine.
519 2711 598 2829 dolo
626 2769 767 2829 inducias
796 2781 1068 2830 conservaturum.
1109 2770 1146 2832 ln

185 2869 248 2930 qua
277 2848 425 2929 pactione
448 2866 574 2907 summa
599 2845 662 2908 fide
690 2848 804 2908 mansit
823 2848 851 2906 A
876 2848 1008 2925 esilaus,
1032 2859 1145 2908 eontra

186 2948 224 2988 ea
235 2926 462 3006 Tissaphernes
476 2924 554 2984 nihil
568 2925 669 3003 aliud,
691 2947 785 3010 quam
804 2867 925 2986 belium
941 2927 1144 3008 comparavit.

145 3009 166 3070 5
186 3007 223 3068 ld
249 3008 310 3068 etsi
328 3004 484 3065 sentiebat
503 3005 608 3084 Laco,
627 3016 732 3068 tamen
748 3005 965 3068 iusiurandum
985 3005 1145 3084 servabat,

193 3158 386 3172 ——ffl

232 3229 261 3298 2)
279 3231 313 3279 al.
330 3227 485 3294 eligebatur
501 3228 554 3279 vid.
566 3231 647 3280 Heus.
663 3258 695 3270 -
714 3229 741 3298 3)
761 3233 797 3280 ita
816 3227 897 3280 eodd.
912 3229 961 3280 An.
973 3229 1051 3281 Leid.
1064 3229 1144 3281 Voss.

187 3300 256 3351 Dan.
278 3323 307 3334 -
323 3298 357 3346 al.
374 3297 469 3345 vivens
487 3298 530 3345 vel
548 3302 640 3346 vivus.

239 3362 267 3429 4)
286 3362 347 3411 Ald.
361 3364 475 3430 Longol.
491 3378 524 3410 oe
535 3379 585 3428 pro
604 3375 701 3430 atque,
721 3363 754 3413 el.
770 3363 848 3414 Heus.
866 3371 894 3415 et
905 3363 991 3416 Brem·
1010 3389 1044 3404 ·-
1062 3361 1089 3429 5)
1108 3363 1143 3414 al.

187 3427 331 3491 dimicare,
354 3428 406 3478 vid.
425 3427 525 3478 Giinth.
545 3437 572 3476 et
589 3427 666 3480 Bard-
864 3431 866 3438 '
