2564 3872
394 423 505 486 1qu
528 442 711 489 euntem.
729 424 833 504 6-7.
1037 445 1093 511 up

159 583 206 647 ari
229 601 265 645 ac
286 583 475 649 dictatorem
491 585 639 667 imperio,
654 583 730 645 dolo
743 583 937 666 productum
950 586 982 647 in
998 607 1094 668 proe-

135 605 224 741 llum,
245 661 379 746 fugavit.
430 664 479 724 Ti.
493 663 730 744 ,Sempronium
752 663 950 743 Gracchum,
978 667 1095 727 iterum

137 742 312 821 consulem,
332 742 364 802 in
376 741 513 816 Lucanis
528 743 640 803 absens
660 743 691 802 in
706 740 832 804 insidias
844 743 1007 806 inductum
1027 765 1095 808 sus·

137 822 220 882 tulit.
247 821 289 880 Μ.
312 821 481 883 Claudium
499 821 704 895 Marcellum,
776 822 899 907 inquies
924 823 1097 902 consulem,

136 901 223 982 apud
242 899 417 962 Venusiam
442 899 513 982 pari
532 899 629 961 modo
656 842 775 961 interlh

137 999 326 1054 enumerare
347 978 482 1061 proelia.
522 977 633 1072 Quare
653 977 717 1040 hoc
736 1001 833 1041 unum
861 981 934 1041 satis
962 982 1025 1043 erit
1052 983 1098 1044 di·

141 1069 243 1135 mum,
275 1077 315 1118 ex
336 1079 402 1142 quo
423 1058 558 1140 intelligi
577 1058 694 1140 possit,
732 1070 868 1152 quantus
896 1059 951 1120 ille
978 1062 1095 1124 l'ueritt

142 1137 293 1220 quamdiu
313 1137 345 1196 in
366 1137 455 1198 ltalia
473 1137 546 1213 l'uit,
566 1156 660 1198 nemo
682 1137 712 1198 ei
735 1159 767 1198 m
781 1138 849 1198 acie
863 1137 991 1218 restitit,
1003 1160 1098 1203 nemo

135 1215 295 1304 adversus
323 1236 398 1276 eum
429 1227 503 1298 post
531 1218 727 1279 Cannensem
758 1237 898 1301 pugnam
924 1217 955 1282 in
986 1238 1098 1304 campo

139 1305 243 1357 castra
286 1295 379 1356 osuit.
594 1347 596 1352 .

22 1365 25 1370 ’
217 1315 284 1434 le
308 1375 370 1436 Hic
408 1373 544 1437 invictus
596 1375 707 1436 atriam
735 1373 903 1438 defensum
930 1385 1136 1448 resocatus,

141 1451 268 1546 hellam·
284 1453 384 1535 gessit
405 1453 557 1517 adversus
605 1498 613 1514 .
634 1453 828 1536 Scipionem,
852 1454 952 1515 lilium
972 1454 1041 1536 ejus
1060 1454 1102 1594 ¹)(i

188 1551 239 1592 em
259 1551 328 1612 spse
352 1533 490 1614 primum
511 1557 527 1594 a
552 1533 595 1594 ud
620 1534 829 1612 Rhodanum,
865 1535 983 1595 iterum
1016 1551 1080 1594 sn

170 1610 282 1685 adum,
303 1612 401 1674 tertio
423 1611 508 1694 apud
528 1554 679 1673 lichiam
701 1613 881 1695 fugaverat
923 1613 1005 1674 Cum
1051 1631 1142 1692 oc,2

142 1689 388 1751 exhaustisiam
410 1691 532 1772 patriae
558 1689 778 1767 facultatibus,
805 1691 927 1772 cupivit
952 1691 985 1750 in
1010 1711 1103 1773 prae-

142 1768 315 1829 sentiarum
335 1768 457 1828 bellum
490 1787 704 1849 componere,
728 1788 794 1851 quo
814 1769 971 1830 valentior
991 1781 1104 1850 postea
1165 1791 1168 1802 ·

142 1846 409 1929 congrederetur.
450 1849 486 1906 ln
506 1846 702 1927 colloquium
722 1846 885 1922 convenit,
905 1847 1104 1908 conditiones

45 1981 46 1984 ,
142 1945 208 1986 non
227 1935 454 1985 convenerunt.
472 1927 553 1985 Post
572 1925 605 1984 id
619 1923 740 1984 factum
756 1925 866 2005 paucis
888 1923 1000 1984 diebus
1021 1947 1036 1984 a
1061 1925 1105 1986 ud
1124 1931 1144 1996 3

144 2006 274 2064 Zamam
305 2021 378 2063 cum
416 2003 546 2064 eodem
562 1999 718 2064 conflixits
754 2002 866 2085 pulsus
902 1945 1105 2082 (incredihile

143 2081 246 2160 dictu)
270 2079 374 2220 hidup
397 2093 430 2142 et
455 2082 578 2143 duabus
606 2081 755 2142 noctibus
776 2081 1011 2142 Hadrumetum
1032 2102 1107 2164 per·

143 2161 263 2239 venit,¹
285 2181 351 2244 quo
401 2161 490 2223 abest
518 2182 535 2221 a
557 2163 655 2220 Zama
683 2160 810 2222 circiter
832 2161 930 2221 millia
955 2181 1106 2243 passnmn

143 2251 297 2300 trecenta.
340 2241 375 2300 In
394 2239 455 2302 hac
475 2240 552 2324 suga
573 2237 745 2317 Numidae,
775 2239 830 2324 qui
858 2241 952 2301 simul
972 2260 1045 2302 cum
1066 2253 1147 2320 ech

143 2337 184 2380 ex
205 2319 272 2380 acie
293 2331 514 2395 excesserant,
534 2318 672 2380 insidiati
691 2330 764 2378 sunt
783 2319 813 2380 ei
820 2337 829 2395 3
858 2340 939 2402 quos
967 2340 1031 2381 non
1055 2339 1107 2382 so·

143 2398 209 2458 lum
230 2397 361 2480 effugit,
393 2399 452 2460 scd
480 2398 574 2460 ctiam
595 2399 683 2490 ipsos
704 2399 873 2480 oppressit.
915 2398 1107 2460 Hadrumeti

145 2477 290 2559 reliquos
319 2495 359 2536 ex
386 2477 466 2560 fuga
499 2478 647 2560 collegit:
676 2479 767 2542 novis
793 2477 971 2539 delentibus
996 2478 1105 2562 paucis

144 2555 256 2616 diebus
281 2557 398 2619 multos
422 2557 587 2619 contraxit.
733 2566 736 2570 '

190 2635 259 2698 Vll.
282 2634 389 2725 Quum
406 2635 438 2696 in
454 2634 635 2717 apparando
651 2633 806 2694 acerrime
821 2645 906 2695 esset
920 2646 1106 2716 occupatus,
1130 2664 1142 2702 ι

144 2711 419 2794 Carthaginienses
442 2715 563 2775 hellum
584 2733 657 2773 cum
673 2711 822 2774 Romanis
845 2727 1111 2804 composuerunt..

143 2791 201 2852 llle
222 2791 320 2852 nihilo
348 2794 452 2855 secius
481 2791 637 2853 exercitui
664 2801 777 2872 postea
803 2791 963 2871 prael'mt,
986 2811 1106 2876 resque

145 2871 177 2930 in
200 2869 313 2954 Al'rica
334 2873 452 2952 gessit,
473 2871 627 2955 [itemque
651 2872 746 2952 Mago
767 2869 867 2930 frater
887 2869 980 2952 ejus,]
1003 2867 1033 2950 2)
1054 2892 1107 2932 us·

146 2969 210 3032 que
234 2949 274 3009 nd
297 2950 334 3008 Ρ.
357 2950 532 3032 Sulpicium
551 2962 584 3010 et
604 2952 639 3012 C.
660 2947 827 3008 Aurelium
851 2949 1008 3010 consules.
1046 2951 1105 3012 His
1127 2973 1145 3015 ς

146 3029 228 3088 enim
264 3027 501 3110 magistratibus
536 3029 633 3110 legati
668 3026 942 3108 Carthaginienses
970 3031 1105 3091 Romam

147 3118 321 3186 venerunt,
352 3109 408 3192 qui
442 3107 563 3172 senatui
588 3106 776 3190 populoque
809 3107 953 3170 Romano
989 3107 1105 3190 gratias

197 3332 221 3401 ι)
239 3335 394 3384 Pronomen
412 3333 471 3384 sius
490 3328 567 3383 deest
582 3329 611 3381 in
627 3327 710 3382 codd.
723 3327 842 3398 Guslph.
854 3330 905 3382 Ax.
921 3329 955 3381 ci.
970 3327 1012 3380 ed.
1027 3329 1106 3382 lieid.

147 3415 231 3518 unct),
249 3403 380 3520 pipppupl.
399 3400 468 3452 haee
486 3399 567 3452 verba
584 3399 767 3463 incluserunt,
791 3405 820 3448 ut
836 3406 975 3467 suspects-3
998 3394 1100 3450 Daslm

175 3571 358 3642 Cornllepos
886 3571 906 3637 9

776 901 828 962 cit.
866 904 1013 986 Longum
1037 910 1136 982 esth
1247 995 1253 1002 Ι
