2524 3872
389 403 438 470 Vl.
460 419 667 464 ateramum.
689 421 717 489 a
744 423 788 467 ιο.
1024 409 1061 468 5ι

103 564 222 628 talenta
243 563 406 646 vectigalis
434 565 588 646 capiebat.
630 525 704 648 Qua
727 563 858 626 fortuna
880 537 1104 638 Alcibiadesh

103 665 166 706 uon
188 654 258 704 erat
282 655 466 719 contentus,
490 664 595 726 neque
619 644 760 704 Athenas
781 644 880 706 rictas
905 645 1063 704 Lacedae·

103 724 217 786 meniis
238 722 361 784 servire
381 733 509 802 poterat
526 723 600 803 pati.
638 725 748 805 Itaque
771 722 810 782 ad
841 725 965 784 ,atriam
985 723 1065 784 libe·

103 803 234 864 randam
256 801 342 862 omni
361 799 528 860 ferebatur
550 801 752 881 cogitatione.
783 745 851 862 Sed
869 803 1013 880 videbat,
1035 803 1067 864 id
1087 803 1107 865 5

104 883 172 942 sine
197 881 474 961 regePersarum
502 899 566 938 non
588 901 683 960 posse
712 878 797 940 lieris
828 883 969 966 ideoque
994 903 1068 943 eum

105 961 242 1022 amicum
257 960 318 1021 sibi
332 958 483 1039 cupiebat
499 958 641 1040 adiungi3
657 979 762 1041 neque
778 959 958 1037 dubitabat,
971 962 1068 1022 facile

106 1060 141 1100 se
163 1051 418 1114 consecuturum,
440 1039 577 1099 simodo
595 1039 662 1098 eius
678 1039 887 1100 centeniendi
906 1039 1069 1102 habuisset

106 1130 311 1200 potestatem.
351 1119 430 1177 Nam
462 1119 580 1210 Cyrum
611 1118 745 1179 fratrem
779 1117 809 1178 ei
836 1117 958 1180 bellum
987 1115 1109 1180 'clamd

106 1218 239 1278 parare,
264 1197 523 1258 Lacedaemoniis
555 1197 793 1272 adiuvantibus,
821 1199 957 1262 sciebat:
990 1199 1023 1260 id
1043 1197 1070 1258 si

100 1277 287 1358 'aperuisset
305 1277 353 1355 5),
374 1291 519 1360 magnam
532 1298 566 1337 se
587 1277 738 1336 initurum
760 1277 891 1358 gratiam
908 1279 1047 1340 videbat.

188 1359 227 1415 X.
251 1359 340 1416 Haec
362 1377 461 1438 quum
477 1357 663 1432 moliretur,
685 1369 878 1439 peteretque
901 1359 1070 1418 aPharne·
1094 1378 1107 1416 ι

106 1435 206 1510 haze,
220 1449 257 1496 ut
272 1436 311 1496 ad
326 1455 437 1517 regem
450 1435 648 1511 mitteretur,
662 1436 778 1497 eodem
792 1448 857 1497 tern
884 1457 941 1498 ore
956 1437 1070 1496 Critias

109 1516 211 1576 ceteri
235 1535 276 1574 ue
305 1515 427 1594 tyranni
455 1514 698 1576 Atheniensium
726 1527 832 1578 certos
859 1458 1002 1582 homines
1031 1515 1072 1575 ad

108 1537 307 1673 Lysandrum
335 1593 368 1653 in
389 1594 496 1656 Asiam
515 1595 688 1668 miserunt,
719 1596 775 1689 qui
800 1617 874 1656 eum
899 1596 1073 1658 certiorem

109 1672 274 1750 facerent,
308 1673 368 1732 nisi
397 1672 596 1733 Alcibiadem
623 1674 819 1751 sustuhsset,
851 1676 928 1736 nibil
963 1681 1073 1734 aarum

110 1773 222 1814 rerum
242 1751 316 1813 sore
344 1763 465 1826 ratum,
496 1772 573 1833 quas
598 1751 668 1833 ipse
692 1751 823 1814 Athenis
848 1753 1073 1815 constituisset.

112 1832 239 1910 Quare,
260 1831 287 1890 si
306 1849 377 1890 suas
391 1849 444 1888 res
460 1841 565 1908 gestas
578 1847 709 1888 manere
726 1831 840 1906 vellet,
860 1832 949 1890 illum
964 1851 1074 1909 perae·
1094 1850 1112 1892 a

112 1920 279 2003 queretur.
301 1909 359 1966 His
367 1910 452 1966 Laco
467 1906 565 1967 rebus
577 1918 755 1966 commotus
768 1910 887 1983 statuit,
897 1908 1075 1968 accuratius

112 1981 182 2050 sibi
196 1987 353 2067 agendum
369 2005 442 2047 oum
461 1984 680 2045 Pharnabazo.
708 1986 793 2046 Huic
808 2007 886 2064 ergo
899 1986 1076 2065 renunciat,

114 2085 198 2151 quae
224 2066 294 2146 regi
317 2085 388 2124 cum
410 2063 669 2126 Lacedaemoniis
692 2077 814 2142 essent,
839 2067 930 2126 irrita
950 2065 1075 2144 futura,

113 2146 174 2206 nisi
187 2145 385 2206 Alcibiadem
401 2145 510 2206 vivum
531 2154 585 2204 aut
605 2157 767 2206 mortuum
788 2147 987 2208 tradidisset,
1004 2149 1075 2209 Non
1096 2147 1116 2214 3

114 2227 189 2286 tulit
202 2225 266 2285 boe
281 2213 439 2304 iatrapes,
458 2236 491 2284 et
505 2223 628 2285 violare
643 2224 859 2301 clementiam,
882 2223 975 2310 quam
990 2227 1077 2308 regis

116 2325 196 2386 opes
217 2305 314 2366 minui
329 2305 447 2366 maluit.
489 2305 599 2386 Itaque
619 2303 704 2366 misit
723 2306 941 2389 Susamithren
966 2319 999 2371 et
1017 2309 1079 2369 Ba·

116 2404 231 2480 gaeum
249 2384 288 2444 ad
303 2383 501 2445 Alcibiadem
515 2381 786 2462 interficiendum,
809 2409 907 2470 quum
922 2388 978 2448 ille
994 2398 1080 2448 esset
1105 2385 1107 2397 ¹

116 2485 148 2524 m
162 2463 318 2554 Phrygia,
331 2463 460 2545 iterque
476 2463 516 2522 ad
531 2470 644 2544 regem
658 2479 866 2547 compararet.
894 2467 981 2528 Missi
991 2467 1078 2525 clam
1099 2477 1120 2542 4

118 2541 287 2614 vicinitati,
309 2543 340 2600 in
355 2563 418 2622 qua
431 2555 499 2602 tum
512 2543 694 2608 Alcibiades
710 2559 801 2621 erat,¹
816 2547 890 2608 daut
904 2545 1080 2629 negotium,

117 2635 155 2681 ut
176 2641 248 2680 eum
262 2619 462 2680 interficiant.
499 2622 548 2681 llli
574 2645 673 2705 quum
698 2624 789 2684 ferro
805 2623 835 2702 6)
862 2626 996 2706 aggredi
1016 2645 1080 2687 non

120 2701 293 2775 auderent,
312 2713 411 2760 noctu
432 2701 516 2783 ligna
538 2703 744 2766 coutulerunt
765 2705 851 2765 eirca
874 2725 977 2767 casam
998 2725 1078 2781 eam,

119 2779 152 2838 in
167 2801 229 2862 qua
243 2780 446 2869 quiescebat,
465 2801 597 2862 eamque
615 2783 865 2844 succenderuntz
886 2795 922 2842 ut
935 2782 1080 2844 incendio

121 2856 332 2936 conficerent,
359 2881 456 2944 quem
482 2882 577 2922 manu
601 2862 747 2936 superari
766 2882 863 2944 posse
884 2861 1081 2923 diffidebant.

120 2938 178 3000 llle
201 2949 305 3002 autem
324 2955 361 3003 ut
383 2941 490 3002 sonitu
510 2939 654 3004 flammae
676 2953 724 3002 est
742 2941 914 3016 excitatus,
935 2943 995 3006 etsi
1037 2941 1125 3006 lat-5

122 3017 194 3078 dius
216 3017 246 3077 ei
267 3034 335 3080 erat
350 3019 543 3096 subductus,
566 3018 729 3082 familiaris
751 3021 799 3084 sui
820 3019 967 3085 subalare
981 2962 1083 3082 teium

123 3097 249 3178 eripuit
262 3101 408 3186 Namque
430 3113 499 3166 erat
514 3120 587 3161 cum
608 3121 648 3162 eo
669 3101 797 3183 quidam
818 3121 862 3161 ex·
871 3100 1009 3162 Arcadia
1025 3099 1083 3160 ho·
1150 3135 1152 3143 ι

124 3196 209 3259 spes,
230 3181 286 3259 qui
309 3201 479 3264 numquam
499 3180 664 3246 discedere
678 3182 837 3246 voluerat.
876 3183 971 3244 Hune
991 3179 1084 3268 sequi

179 3395 206 3462 5)
224 3395 322 3458 vulgo:
341 3397 369 3444 sr'
385 3411 407 3446 ct
424 3393 594 3463 aporiatum
611 3411 634 3443 v.
652 3389 732 3444 Batti.

179 3463 212 3528 6)
232 3463 265 3513 ³¹·
283 3479 367 3532 quum
384 3478 443 3513 eum
452 3461 539 3530 ferro
548 3483 559 3528 i
578 3463 655 3518 deest
672 3463 725 3517 hoc
741 3473 894 3534 pronomen
911 3461 939 3508 in
951 3455 1039 3510 codd

868 3527 926 3602 4*
