2564 3872
436 411 518 471 xlx.
539 430 696 474 rnocron.
716 413 747 490 a,
766 419 795 486 4.
921 425 922 428 ’
1039 411 1096 472 ιιό

142 569 400 652 lysperehontem
414 569 516 644 misit,
538 571 594 653 qui
613 569 651 632 ab
673 587 713 631 eo
726 580 900 652 peterent,
919 581 956 631 ut
976 587 1033 630 sua
1046 567 1101 631 de·

142 662 229 709 creta
250 647 461 710 confirmaret.
488 651 562 708 Huc
575 647 606 726 i)
630 649 745 709 eodem
761 648 929 730 profectus
951 660 1000 710 eat
1013 647 1099 708 Pho·
1117 659 1139 722 3

142 727 222 789 cion.
248 727 322 816 Quo
345 737 381 786 ut
403 725 505 799 venit,
527 745 652 785 causam
677 727 760 806 apud
784 725 967 808 Philippum
989 746 1102 808 regem

69 869 73 873 ,
141 808 260 881 verbo,
275 826 312 865 re
335 805 403 884 ipsa
422 802 551 884 quidem
572 803 656 882 apud
675 803 980 886 Polysperchontem
1000 804 1102 866 iussus

143 895 193 944 est
206 885 334 945 dicere:
355 900 492 962 namque
515 881 541 939 is
560 891 629 939 tum
648 881 734 973 regis
753 881 849 942 rebus
864 893 1020 974 praeerat.
1039 883 1102 943 Hic

143 962 183 1022 ab
200 961 366 1042 Agnonide
382 968 556 1037 accusatus,
564 956 827 1040 quodPrraeeum
836 959 982 1021 Nicanori
992 958 1021 1039 ⁵)
1029 979 1104 1042 pro·
1123 973 1143 1039 4

144 1039 285 1114 didisset,
306 1037 468 1101 exconsilii
482 1037 637 1097 sententia
663 1035 696 1096 in
725 1037 899 1100 custodiam
923 1037 1103 1113 coniectus,

144 1117 285 1178 Athenas
317 1115 477 1176 deductus
497 1127 570 1194 est,
600 1125 636 1176 ut
654 1111 699 1176 ibi
726 1113 767 1178 de'
797 1137 836 1178 eo
866 1113 990 1198 legibus
1012 1113 1105 1176 lieret

144 1195 305 1256 iudicium.

208 1275 262 1335 lV.
287 1275 360 1332 Huc
381 1271 437 1331 ubi
455 1281 647 1352 perventum
662 1283 727 1348 est,
749 1290 846 1354 quum
863 1283 1001 1354 propter
1024 1281 1108 1333 aeta·
1132 1297 1144 1334 s

146 1367 212 1415 tem
232 1350 262 1431 6)
290 1351 428 1434 pedibus
447 1351 509 1410 iam
536 1369 600 1412 uon
620 1353 761 1426 valeret,
788 1349 1003 1434 vehiculoque
1033 1371 1109 1434 por·

146 1443 287 1506 teretur,
323 1427 428 1512 magni
465 1447 639 1490 concursus
678 1441 751 1489 sunt
787 1428 882 1499 facti,
913 1448 1012 1511 quum
1040 1426 1109 1504 alii,

147 1511 384 1570 reminiscentes
419 1505 536 1568 veteris
566 1509 688 1586 lamae,
721 1507 832 1568 aetatis
866 1506 1110 1582 misererentur3

147 1588 278 1670 plurimi
308 1607 388 1648 vcro
417 1585 465 1646 ira
493 1600 726 1648 exacuerentur
758 1596 894 1666 propter
944 1584 1110 1648 roditiouis

150 1667 363 1746 suspicionem
400 1661 544 1738 Piraeei,
580 1664 799 1745 maximeque,
839 1686 903 1746 quo
958 1665 1111 1725 adversus

149 1745 262 1826 populi
289 1742 456 1804 commoda
483 1740 514 1798 in
539 1752 703 1802 senectute
735 1753 877 1800 steterat.
917 1743 990 1824 Qua
1013 1744 1054 1802 de
1074 1761 1151 1805 rea

149 1843 191 1883 ue
211 1821 383 1902 perorandi
407 1818 536 1908 quidem
558 1820 588 1878 ei
612 1817 684 1877 data
710 1828 759 1877 est
778 1817 912 1878 facultas
933 1831 966 1878 et
986 1819 1113 1879 dicendi

152 1919 289 1962 causam.
320 1897 396 1955 Inde
417 1894 553 1972 1udicio,
572 1895 720 1976 legitimis
741 1895 929 1977 quibusdam
950 1895 1115 1969 confectis,

153 1978 334 2052 damnatus,
353 1973 488 2033 traditus
510 1984 558 2032 est
578 1971 727 2032 undecim
739 1973 833 2050 viris,
855 1971 971 2054 quibus
987 1973 1026 2034 ad
1042 1993 1079 2032 su
1103 2007 1115 2020 ·

153 2055 286 2138 plicium
312 2071 403 2112 more
433 2049 674 2110 Atheniensium
705 2051 835 2132 publice
872 2051 1006 2112 damnati
1035 1993 1117 2110 tradi

155 2135 268 2195 solent.
306 2130 370 2212 Hic
395 2148 493 2211 quum
520 2129 560 2188 ad
587 2138 725 2190 mortem
743 2129 933 2206 duceretur,
954 2129 1066 2192 obvius
1088 2127 1157 2202 eia

155 2211 218 2272 luit
238 2209 439 2291 Euphyletus
463 2201 515 2284 ⁷),
529 2229 594 2288 quo
615 2206 814 2268 familiariter
835 2207 942 2267 luerat
961 2227 1047 2268 usus.
1087 2209 1117 2267 ls

179 2311 254 2348 uum
274 2288 438 2348 lacrimans
460 2284 608 2346 dixisset:
631 2305 650 2346 o
673 2307 768 2379 quam
789 2283 916 2368 indigna
927 2287 1118 2366 perpeteris,

156 2311 323 2429 ihocioni·
350 2365 425 2424 huic
446 2361 519 2440 illc,
543 2377 575 2424 at
598 2385 662 2425 non
683 2387 735 2426 ano
760 2364 858 2441 ipata,
886 2365 1005 2447 inquit:
1032 2361 1117 2423 hunc

158 2447 240 2506 euim
259 2446 378 2506 exitum
397 2442 547 2524 plerique
569 2443 646 2502 clari
665 2443 727 2505 viri
770 2443 926 2504 abuerunt
947 2441 1118 2503 Athenien·

159 2529 219 2584 ses.
258 2525 293 2580 ln
312 2521 376 2581 hoc
390 2530 512 2578 tantum
526 2519 588 2579 suit
603 2520 713 2580 odium
726 2521 954 2596 multitudinis,
973 2530 1011 2580 ut
1024 2535 1118 2578 nemo
1139 2533 1160 2600 4

160 2621 254 2666 ausus
275 2599 315 2658 sit
338 2617 411 2656 eum
430 2595 513 2654 liber
534 2597 681 2676 sepelire.
724 2599 835 2677 ltaque
857 2619 874 2657 a
894 2597 994 2662 servis
1014 2595 1119 2678 sepul·

159 2691 212 2739 tus
236 2687 296 2739 est.

176 2837 351 2856 nanu-¹—

215 2936 248 3004 4)
268 2934 350 2989 codd.
368 2933 438 2999 Ιιοο)
456 2932 498 2986 sd.
511 2933 628 3002 Lougoi.
639 2934 709 2988 Titz.
730 2933 803 2985 ln'nc.
821 2960 853 2973 -
874 2930 903 3000 5)
918 2929 995 2986 deest
1016 2935 1044 2988 in
1061 2934 1123 2988 cad.
1215 2935 1218 2940 '

166 3008 221 3058 Gis.
240 3005 387 3056 Nicanori.
976 3001 980 3010 '

216 3073 245 3141 6)
266 3071 328 3124 eod.
339 3071 389 3120 Ax.
425 3085 455 3118 er
472 3077 595 3120 aetatem.
607 3095 641 3110 -
657 3067 685 3135 7)
703 3065 742 3118 ita
757 3065 836 3119 Voss.
854 3067 898 3126 A..
909 3069 990 3134 vulgo
1002 3065 1124 3136 Emplsy-

166 3142 247 3192 letus.
264 3141 300 3192 cl.
320 3137 363 3189 ed.
408 3136 461 3188 eid.
586 3162 588 3166 v

568 3315 759 3339 μ
