2524 3872
443 445 466 512 1.
501 432 741 512 amerinae&
1033 445 1074 538 'i
1164 467 1165 472 ¹

172 602 255 668 v111.
277 601 339 666 Hie
355 605 416 668 etsi
436 604 568 669 crimine
586 602 684 666 Pario
700 613 750 670 est
766 615 950 682 accusatos,
971 614 1075 667 tamen
1100 625 1113 666 ι

112 684 174 750 alia
205 683 268 748 suit
302 701 395 747 cansa
428 682 645 751 damnationis.
694 683 839 766 Namque
870 681 1077 746 Athenienses

137 773 250 844 ropter
265 761 422 824 Pisistrati
442 761 659 842 tyrannidem,
680 781 763 844 quae
778 761 888 841 paucis
903 763 990 832 annis
1006 774 1078 826 ante

111 784 238 919 iuerat,
262 842 402 918 omnium
419 861 550 902 suorum
567 839 683 904 civium
700 839 875 919 potentiam
891 841 1078 903 extimesce-

111 921 198 983 bant.
237 921 414 997 Miltiades,
440 919 575 980 multum
607 917 639 978 in
662 917 802 998 imperiis
831 919 1118 1002 magistratibus-s

111 1021 177 1084 que
188 1012 351 1076 versatus,
365 1020 429 1064 non
443 996 613 1060 ridebatur
623 1017 719 1078 posse
730 1015 801 1058 esse
811 997 970 1094 privatus,
985 1019 1079 1081 prae·

112 1079 223 1140 sertim
277 1099 353 1140 uum
381 1075 608 1144 consuetudine
640 1076 680 1145 ad
710 1075 837 1156 imperti
871 1097 911 1140 eu
934 1077 1078 1139 lditatem

112 1158 197 1219 trahi
220 1099 397 1220 videretur.
436 1157 515 1218 Nam
537 1153 729 1217 Chersonesi
753 1174 862 1226 omnes
886 1099 975 1231 iliis,
996 1157 1118 1241 quoad

111 1235 287 1313 habitarat,
308 1255 405 1305 annos
419 1246 608 1316 perpetuam
622 1233 806 1294 obtinuerat
822 1234 1079 1313 dominationem,

111 1326 327 1403 tyrannusque
347 1315 456 1384 fuerat
474 1313 669 1394 appellatus,
692 1311 750 1372 sed
767 1313 877 1374 iustus.
917 1317 989 1377 Non
1010 1327 1080 1377 erat

112 1394 197 1456 enim
216 1395 247 1456 vi
269 1405 478 1469 consecutus,
502 1391 559 1452 sed
580 1412 714 1454 suorum
737 1393 920 1470 voluntate,
943 1415 1011 1455 eam
1038 1415 1080 1455 ue

89 1524 93 1530 .
136 1485 306 1536 otestatem
321 1472 464 1544 bonitate
477 1468 637 1534 retinebat
648 1465 690 1548 ⁹).
714 1467 834 1532 Omnes
856 1485 963 1534 autem
978 1416 1081 1536 etia·

113 1493 233 1616 [entur
252 1562 285 1612 et
308 1551 457 1612 dicuntur
481 1547 622 1630 tyranni,
647 1548 702 1632 qui
722 1559 884 1630 potestate
909 1563 981 1619 sunt
1031 1573 1081 1613 er·

138 1641 211 1690 etua
231 1629 264 1690 in
283 1649 321 1690 ea
342 1630 487 1704 civitate,
507 1648 590 1711 qaae
611 1627 759 1694 libertate
783 1650 839 1696 usa
862 1643 923 1694 est.
963 1573 1028 1692 Sei
1049 1629 1122 1700 inis

149 1707 255 1776 ‘ltiade
271 1721 340 1778 erat
357 1729 455 1792 quum
471 1725 591 1766 summa
607 1705 799 1782 humanitas,
819 1721 887 1770 tnm
901 1707 981 1780 mira
996 1729 1083 1771 com·

114 1787 249 1853 munitas
262 1787 302 1865 ¹),
316 1799 354 1849 ut
367 1806 462 1853 nemo
477 1795 541 1851 tam
553 1784 681 1853 humilis
695 1795 796 1860 esset,
812 1789 863 1848 eui
877 1808 944 1864 non,
953 1787 992 1848 ad
1007 1809 1081 1849 enm

115 1865 219 1933 aditus
264 1877 385 1940 steret,
404 1881 518 1942 magna
538 1862 710 1920 auctoritas
733 1863 817 1953 apud
840 1885 950 1932 omnes
974 1867 1083 1926 civita.

95 2011 97 2014 ¹
115 1956 184 2016 tes,
205 1963 247 2002 no
270 1943 313 2002 lle
330 1961 463 2016 nomen,
487 1939 556 1996 laus
577 1939 627 2006 rei
646 1937 787 2004 militaris
809 1943 952 2023 maxima.
992 1945 1083 2003 Haec

115 2020 256 2104 populus
269 2019 441 2101 respiciens
462 2015 574 2111 maluit
593 2033 667 2088 eum
682 2015 845 2091 innoxium
857 2020 968 2104 plecti,
989 2038 1084 2108 quem

116 2119 152 2169 se
171 2097 288 2169 diutim
304 2119 374 2165 esse
394 2097 427 2168 in
446 2107 573 2166 amore·

599 2375 637 2437 ll.

437 2507 781 2576 'l'liEllllSTOCLESn

545 2645 690 2662 numu—-

396 2805 399 2815 ,
490 2747 745 2810 saccnanron.

179 2862 244 2934 Cap.
264 2865 284 2916 1.
306 2865 501 2921 Themistocles
519 2865 675 2918 adolescens
692 2866 805 2926 liberius
822 2864 894 2914 alsit.
930 2858 1083 2913 Exhereda-

118 2935 191 2982 tusa
205 2941 281 3000 patre
297 2934 336 2984 rei
358 2933 463 2983 ublicae
482 2950 511 2983 se
529 2934 613 2984 dedit.
633 2963 666 2974 -
684 2935 718 2992 ΙΙ,
738 2933 854 2985 Pecunia
871 2930 995 2999 publiea,
1014 2943 1083 2994 qnae

120 3015 154 3068 er
173 3001 286 3049 metallis
300 2951 420 3062 redibat,
440 2999 553 3050 classem
565 3000 759 3057 aedificandam
780 3007 864 3054 curat.
899 2999 994 3047 Clarus
1007 2995 1082 3044 bello

50 3077 52 3082 ’
120 3065 273 3134 Corcyraeo
289 3073 315 3116 et
330 3066 440 3116 Persico
458 3067 588 3118 secando.
606 3069 802 3134 Interpretatur
818 3067 957 3115 oraculum
975 3062 1009 3112 de
1023 3077 1082 3109 mu·

120 3133 157 3184 ris
168 3135 271 3200 ligneis.
282 3159 315 3173 -·
332 3132 380 3184 111.
398 3133 536 3184 Proelium
551 3132 586 3188 ad
596 3134 768 3185 Artemisium
779 3131 878 3202 (pridie
890 3147 973 3183 nonas
986 3129 1082 3196 quinc-

120 3255 324 3272 w

171 3329 200 3398 9)
219 3330 306 3382 Brem.
325 3333 358 3384 al.
374 3331 538 3384 retinuerat.
556 3353 590 3370 ι-
600 3326 726 3381 Nostram
739 3331 802 3382 leet.
816 3333 925 3382 tuentur
942 3321 1025 3378 codd.
1036 3323 1084 3374 Aa.
1187 3327 1193 3338 '

121 3397 249 3516 gesat-hd.
267 3398 295 3450 B.
313 3397 391 3454 teis.
416 3397 447 3452 ll.
465 3397 559 3458 Boesl·
584 3424 618 3440 ·-
646 3396 671 3465 ι)
695 3399 729 3450 al.
748 3398 879 3460 semitm,
896 3393 969 3462 quod
987 3389 1087 3460 probat

151 3481 185 3515 ttn
218 3491 276 3514 .-
