2524 3872
173 434 212 493 70
471 407 538 476 ΧΠ.
562 423 734 469 curuatas.
755 403 784 467 3.
805 412 834 488 4.

172 591 278 656 neque
298 568 387 652 prius
402 565 476 626 inde
494 566 657 638 discessit,
677 583 770 648 quarn
783 575 883 626 totam
899 565 1031 626 insulam
1044 567 1134 632 bello

174 652 374 713 devinceret:
426 665 465 705 ua
487 663 527 705 ex
548 667 585 707 re
606 645 813 706 Athenienses
833 661 977 725 magnam
998 645 1136 726 gloriam

133 734 153 798 3
173 742 246 792 sunt
267 727 382 807 adepti.
403 666 535 784 interim
556 726 677 786 bellum
698 725 783 784 inter
803 724 978 806 Aegyptios
1000 736 1034 784 et
1054 727 1137 786 Per-

173 829 223 870 sas
241 803 412 869 conflatum
427 815 483 864 est.
516 803 725 865 Athenienses
746 824 818 864 cum
834 805 1012 864 Artaxerxe
1033 805 1136 866 socie·

172 899 270 948 tatem
291 884 467 960 habehant3
487 883 731 944 Lacedaemonii
747 902 819 943 curn
834 881 1010 965 Aegyptiis,
1031 905 1048 942 a
1065 883 1136 964 qni·

173 967 234 1026 bus
251 983 378 1044 magnas
423 963 532 1022 raedas
554 961 736 1043 Agesilaus,
756 982 814 1022 rex
835 983 965 1034 eorum,
987 960 1135 1022 faciebat.

134 1057 154 1122 4
174 1045 210 1104 ld
230 1045 354 1104 intuens
371 983 540 1117 Chabrias,
563 1062 661 1124 quum
674 1039 706 1099 in
722 1061 758 1101 re
773 1043 858 1101 nulla
872 1040 1022 1122 Agesilao
1040 1043 1136 1102 cede·

173 1135 243 1199 ret,
274 1144 330 1183 saa
359 1143 374 1182 s
422 1131 474 1180 nte
506 1139 561 1180 eos
589 1119 731 1180 adiutum
761 1119 928 1213 profectus
961 1119 1136 1202 Aegyptiae

175 1203 266 1263 classi
287 1221 366 1284 prae
380 1201 444 1274 uit,
469 1198 669 1280 pedestribus
695 1218 795 1279 copus
820 1200 996 1281 Agesilaus.
1054 1229 1062 1234 —

236 1283 287 1340 lll.
312 1282 395 1340 Turn
416 1276 572 1358 praefecti
585 1277 672 1360 regis
689 1278 819 1338 Persiae
840 1280 961 1358 legatos
981 1275 1137 1338 miserunt

175 1361 316 1422 Athenas
344 1369 508 1442 questum,
536 1355 623 1441 qued
647 1355 799 1417 Chabrias
832 1357 1001 1418 adversum
1023 1376 1137 1434 regem

174 1441 295 1502 bellum
325 1447 454 1517 gereret
490 1453 562 1495 cutn
593 1435 765 1515 Aegyptiis.
806 1437 1014 1497 Athenienses
1052 1433 1136 1494 diem

175 1532 296 1581 certam
319 1515 474 1582 Chabriae
501 1515 764 1607 praestituerunt,
791 1537 885 1598 quam
907 1527 977 1578 ante
1005 1515 1135 1576 donnum

174 1599 234 1659 nisi
256 1597 408 1666 redisset,
438 1591 548 1674 capitis
572 1615 606 1654 se
634 1595 724 1660 illum
748 1594 949 1656 damnaturos
973 1593 1136 1671 denuntia·

175 1687 259 1738 runt.
286 1677 358 1736 Hoc
378 1673 432 1734 ille
449 1671 558 1732 nuntio
584 1673 720 1738 Athenas
742 1673 857 1750 rediit,
876 1693 982 1757 neque
1004 1673 1047 1734 ibi
1068 1671 1136 1734 diu·

135 1756 240 1819 etius
272 1765 320 1814 est
347 1763 506 1820 moratus,
542 1774 636 1836 quam
667 1755 731 1816 luit
767 1773 907 1814 necesse.
949 1754 1021 1812 Non
1053 1751 1136 1812 enirn

175 1835 314 1904 libenter
342 1843 410 1894 erat
437 1843 508 1894 ante
536 1834 646 1894 oculos
671 1835 787 1896 civium
812 1852 960 1893 suorum:
993 1832 1082 1914 quod
1106 1843 1136 1892 et

175 1913 303 1976 vivebat
323 1915 427 1984 laute,
450 1923 482 1970 ct
503 1911 687 1992 indulgebat
699 1911 767 1992 ,sibi
787 1912 968 1986 liberalius,
990 1932 1085 1993 quam
1100 1923 1136 1970 ut

134 1993 323 2055 sinaitam
343 1991 432 2073 vulgi
453 2001 564 2070 posset
585 1991 741 2073 ell'ugere.
782 1995 840 2052 Est
862 1991 944 2052 enirn
965 1990 1028 2052 hoc
1050 2011 1135 2062 cont·

175 2091 270 2140 mune
291 2072 403 2131 vitium
422 2069 455 2128 in
475 2069 594 2150 magnis
615 2071 792 2152 liberisque
814 2069 1011 2144 civitatibuS,
1032 2081 1069 2130 ut
1091 2069 1135 2130 in-

176 2149 259 2210 vidia
282 2149 405 2230 gloriae
428 2167 534 2208 comes
556 2147 612 2222 sit,
633 2161 665 2209 et
686 2149 822 2210 libenter
837 2149 877 2209 de
891 2149 938 2208 his
959 2148 1134 2226 detrahant,

96 2254 99 2263 s
176 2250 259 2310 qnos
288 2228 427 2287 eminere
457 2225 586 2288 videant
613 2229 719 2308 altius3
754 2249 859 2311 neque
895 2228 997 2288 animo
1031 2249 1134 2310 aequo

200 2326 335 2387 auperes
367 2305 501 2366 alienam·
529 2307 728 2386 opulentiam
762 2309 927 2368 intuuntur
963 2306 1134 2368 fortunam.

173 2329 285 2468 dieque
301 2382 468 2458 Chabrias,
494 2385 600 2467 quoad
622 2387 651 2447 ei
672 2387 798 2461 licebat,
823 2385 995 2468 plurimum
1016 2386 1134 2448 aberat.

134 2473 155 2538 4
175 2469 287 2547 Neque
311 2485 390 2525 vero
415 2463 501 2524 solus
525 2463 579 2528 ille
607 2465 715 2526 aberat
735 2465 866 2528 Athenis
893 2465 1048 2539 libenter,
1078 2465 1135 2526 sed

176 2565 285 2604 ornnes
309 2542 380 2602 fere
400 2543 570 2624 principes
598 2543 747 2605 fecerunt
768 2545 870 2606 idern:
899 2543 989 2626 quod
1014 2555 1135 2604 tanturn

175 2643 213 2681 se
237 2623 275 2682 ab
303 2622 418 2683 invidia
450 2623 602 2704 putabant
629 2623 811 2700 abluturus,
844 2635 994 2704 quantum
1023 2645 1135 2697 acon·

174 2713 288 2780 spectu
308 2723 438 2764 suarum
453 2702 668 2764 recessissent.
698 2706 808 2797 ltaque
831 2705 940 2763 Conon
963 2703 1135 2782 plurimum

173 2782 271 2862 Cypri
285 2781 381 2853 vixit,
402 2779 575 2863 Iphicrates
599 2782 631 2841 in
646 2781 799 2857 Thracia,
818 2781 1004 2845 Timotheus
1022 2782 1133 2858 Lesbi,

175 2859 295 2921 Chares
317 2861 348 2922 in
372 2859 478 2945 Sigeo.
519 2859 686 2927 Dissimilis
714 2861 844 2946 quidem
872 2861 990 2922 Chares
1016 2859 1133 2921 horum

174 2952 208 3002 et
229 2939 320 3000 l'actis
342 2952 374 3002 et
388 2939 546 3014 moribus,
565 2939 626 3000 sed
648 2951 753 3004 tamen
768 2941 900 3004 Athenis
915 2952 948 3002 st
960 2935 1132 3012 honoratus

174 3031 207 3084 et
254 3031 352 3080 olens.

229 3039 305 3160 I’W-
327 3097 476 3161 Chabrias
497 3107 602 3160 autent
613 3099 714 3182 periit
732 3100 819 3163 belle
832 3099 942 3162 sociali
956 3095 1012 3158 tali
1026 3096 1131 3160 moda.

173 3177 409 3270 oppugnabant
424 3176 632 3239 Athenienses
649 3179 771 3240 Chinrn.
799 3181 878 3240 Erat
893 3179 924 3238 in
939 3179 1037 3238 classe
1054 3174 1132 3235 Cha-

173 3257 259 3316 hrras
280 3257 438 3337 privatus,
459 3255 516 3316 sed
538 3276 664 3332 omnes,
689 3258 796 3341 quiin
819 3259 1005 3339 magistratu
1027 3267 1131 3330 erant,

172 3337 361 3417 anctoritate
391 3334 548 3412 antehac
579 3355 718 3418 eumque
744 3336 843 3418 magis
867 3337 1003 3408 milites,
1038 3356 1131 3416 qnam

134 3434 150 3473 a
174 3415 227 3496 qui
249 3423 436 3495 praeerant,
457 3413 680 3493 adspiciehant.
723 3415 815 3499 Quae
840 3436 893 3478 res
914 3415 945 3477 ei
965 3413 1132 3474 mattaratit

1213 1471 1215 1480 '
1258 1471 1261 1562 l
