2564 3872
404 405 474 468 xi.
494 418 744 464 armannum.
769 425 794 466 ι.
1049 403 1088 481 bi,

122 565 284 646 spiceret,
309 583 457 627 aversum
477 563 568 626 ferro
593 565 770 639 transfixit,
794 561 883 646 prins
932 581 968 638 e,
992 571 1092 645 quarn

74 689 76 692 -
124 644 294 727 quisquam
312 655 423 724 posset
445 663 655 720 succurrere,
676 643 850 704 interfecit.
905 641 1008 703 tuille
1030 641 1092 717 vir,

124 723 181 806 qui
195 722 313 784 multos
330 721 484 798 consilio,
501 722 659 784 neminem
674 719 811 803 perfidia
827 732 975 806 ceperat,
997 720 1092 782 simu·

123 803 188 864 lata
209 812 322 883 captus
346 813 396 866 est
417 799 560 863 amicitia.

518 963 734 980 unu—m

570 1090 642 1159 xv.

415 1223 800 1308 nranmonnns.

493 1455 754 1514 saccinum.
775 1531 776 1536 Ν

196 1589 263 1658 Cap.
286 1589 308 1640 1.
341 1590 471 1644 Lectores
490 1601 584 1644 monet
601 1601 701 1647 auctor
718 1596 753 1647 de
771 1595 892 1649 moribus
916 1591 1040 1645 Graecia.
1065 1619 1099 1634 -

127 1657 163 1728 Β.
182 1658 223 1708 Dc
242 1673 343 1723 genere
360 1665 389 1706 et
406 1656 591 1710 adolescentia
607 1661 827 1730 Epaminondae,
845 1663 917 1730 quali
935 1659 1018 1711 modo
1037 1660 1099 1712 liic·

128 1727 167 1777 ris
186 1733 213 1776 et
232 1725 336 1774 artibus
354 1725 389 1774 sit
408 1724 539 1775 eruditus.
561 1753 596 1765 -
625 1730 672 1778 111.
690 1731 730 1779 De
748 1731 869 1780 moribus
887 1723 1100 1795 Epaminondam

130 1793 179 1844 lv.
196 1791 368 1840 Abstinentia
388 1791 445 1838 cius
461 1793 594 1858 exemplis
631 1795 753 1846 robatur.
777 1821 812 1834 -·
838 1795 872 1844 V.
891 1793 931 1844 Dc
949 1793 1101 1856 eloquentia

128 1855 345 1926 Epaminondae.
364 1883 398 1894 -
417 1855 463 1904 vl.
479 1855 557 1920 Quae
567 1812 649 1912 verba
664 1869 817 1926 quantaque
832 1861 859 1910 in
872 1865 1002 1909 conventu
1016 1857 1100 1906 Arca·

130 1926 197 1975 dum
211 1931 237 1972 et
251 1924 356 1988 legatus
370 1921 483 1988 Spartae
495 1924 595 1977 fecerit
614 1925 675 1994 (372
688 1943 711 1976 a.
725 1925 788 1976 Chr.
800 1924 839 1994 n.)
857 1951 892 1964 -
910 1925 969 1974 v11.
987 1923 1101 1972 iniuria·

130 2009 192 2043 rum
206 1989 288 2039 fnisse
304 1988 494 2042 immemorem
506 2001 533 2044 et
546 1995 649 2062 patriae
662 1991 831 2044 omnimodo
844 1992 1009 2044 consuluisse
1020 1990 1102 2041 rebus

131 2059 306 2128 potissimum
327 2055 354 2105 in
371 2056 566 2128 Peloponneso
583 2063 665 2128 gestis
682 2061 889 2114 demonstratur.
912 2086 946 2100 ·-
968 2058 1039 2108 vui.
1052 2057 1101 2107 'Ab

131 2126 246 2178 inimicis
260 2125 287 2172 in
303 2123 437 2176 iudicium
453 2137 561 2180 vocatus
575 2128 725 2180 honorifice
739 2128 893 2178 absolvitur.
903 2155 936 2168 ·-
954 2125 1003 2176 IX.
1020 2124 1102 2192 Apud

130 2193 298 2256 Mantineam
320 2191 436 2246 invictus
453 2198 569 2248 moritur
592 2195 658 2265 (362,
672 2213 694 2248 a.
714 2195 778 2246 Chr.
796 2193 844 2263 m).
871 2222 903 2234 -
931 2196 965 2244 X.
984 2193 1102 2243 Uxorem

132 2275 270 2328 nunquam
286 2257 378 2326 duxit,
398 2265 477 2314 cuius
493 2265 532 2314 rei
552 2265 767 2316 criminationem
786 2269 864 2314 acute
882 2261 967 2311 diluit.
992 2259 1101 2310 ahhor-

132 2329 187 2378 ruit
207 2327 312 2378 n-civiii
332 2329 425 2382 caede.
461 2329 530 2390 Cum
554 2329 607 2384 boo
626 2330 818 2385 Thebanorum
845 2329 931 2398 gloria
955 2335 1013 2380 orta
1037 2326 1102 2392 suit,

131 2411 194 2446 cum
211 2393 265 2446 hoc
282 2395 394 2448 interiit.

214 2541 240 2598 Ι.
263 2539 527 2619 Eramnonnas,
550 2541 695 2623 Polymni
717 2537 1011 2618 iilius‚'1¹bebanus.
1051 2533 1102 2598 De
1128 2558 1140 2596 a

134 2619 203 2681 hoc
223 2617 313 2700 prius
338 2639 410 2678 uam
433 2620 625 2697 scribamus,
648 2621 728 2682 haec
747 2619 974 2701 praecipienda
994 2617 1104 2678 viden·

136 2712 193 2762 tur
214 2698 333 2758 lecton
356 2719 414 2774 us,
441 2717 483 2757 ne
506 2698 626 2760 alienos
649 2719 757 2760 mores
782 2698 822 2758 ad
845 2715 919 2757 snos
940 2695 1101 2755 referant·

137 2797 223 2840 nere
247 2796 304 2852 ea,
336 2795 418 2858 quae
442 2776 518 2856 ipsis
538 2777 663 2838 leviora
683 2789 774 2854 sunt,
802 2776 874 2870 cari
896 2773 994 2835 modo
1019 2742 1104 2855 apud

141 2867 272 2918 ceteros
292 2855 392 2914 i'uissc
408 2853 613 2914 arbitrentur.
634 2855 759 2915 Scimus
771 2873 872 2928 enim,
887 2853 1029 2914 musicen
1049 2871 1104 2912 nc·
1126 2869 1144 2912 a

31 2969 35 2974 ·
140 2936 214 2998 stris
230 2933 376 2994 moribus
391 2931 503 2993 abesse
518 2953 536 2992 a
550 2933 702 3014 principis
716 2951 872 3014 persona3
894 2932 1009 2992 saltare
1024 2951 1105 2994 vero

142 3015 239 3076 etiam
266 3013 298 3071 in
324 3011 408 3073 vitiis
431 3011 526 3094 poni:
554 3031 636 3092 quae
665 3012 770 3072 omnia
798 3010 883 3091 apud
903 3012 1045 3080 Graecos
1071 3017 1104 3069 et

141 3104 248 3174 grata,
273 3101 306 3151 et
328 3089 422 3152 laude
452 3089 546 3172 digna
568 3090 738 3150 ducmitur.
780 3089 889 3180 Quum
916 3097 1023 3150 autem
1051 3089 1145 3151 emb

141 3171 283 3252 primere
303 3169 473 3252 imaginem
495 3166 731 3230 consuetudinis
752 3178 847 3251 atque
870 3161 901 3246 ⁷)
921 3167 1003 3228 vitae
1026 3166 1105 3228 veli·¹

141 3269 216 3310 mus
239 3247 495 3329 Epaminondae,
524 3248 603 3310 nihil
634 3245 782 3310 videmur
810 3245 932 3309 debere
960 3255 1104 3326 praeter·

148 3401 336 3414 m-

194 3471 221 3538 7)
247 3473 295 3522 Ax.
314 3487 368 3522 non
386 3469 583 3542 habeturque,
602 3471 653 3526 vid.
671 3468 758 3527 Bram.

841 3535 938 3602 .,.
