2524 3872
390 448 457 512 Vn.
482 465 689 514 sucruunus.
714 463 742 507 a.
762 449 792 510 3.
1031 452 1072 524 46

108 607 193 668 bona
212 605 388 682 reminisci,
402 615 507 688 neque
528 605 649 668 maiora
660 615 771 688 posset
785 608 957 692 consequi,
976 625 1071 691 quatu

107 687 159 746 rel
182 685 313 746 fortuna
333 686 386 746 v'el
401 692 514 746 natura
533 685 700 746 tribuerat.
736 687 867 748 Ineunte
886 688 1071 749 adolescen·
1091 704 1111 748 s

105 764 150 823 tia
172 773 291 824 amatus
314 773 364 826 est
392 765 538 824 amultis
566 785 657 824 more
687 764 902 844 Graecorum}
929 766 962 826 iu
985 767 1072 829 eise

109 844 253 918 Socrate,
271 843 312 904 de
334 848 398 926 quo
419 839 612 902 mentionem
631 842 710 904 facit
730 839 823 905 Plato
844 844 876 904 in
895 844 1072 926 Symposio.

108 923 254 1004 Namque
287 931 361 983 eum
390 920 513 981 induxit
542 926 861 1000 commemorantem,
891 944 925 984 se
953 945 1073 1005 perno-

108 1012 211 1060 ctasse
233 1001 452 1074 eumSo'crate,
475 1004 579 1083 nequo
596 1001 689 1072 aliter
709 1000 748 1060 ab
765 1020 806 1062 eo
826 1005 1012 1078 surrexisse,
1035 1019 1072 1064 ee

108 1077 192 1138 filius
214 1099 233 1140 a
251 1092 385 1161 parente
406 1077 565 1140 debuerit.
606 1080 819 1172 Posteaquam
839 1080 1003 1142 robustior
1023 1093 1072 1144 est
1092 1083 1112 1146 3

107 1158 224 1234 factus,
245 1181 309 1220 non
326 1159 428 1219 minus
450 1161 567 1220 multos
588 1159 720 1235 amavit,
740 1181 773 1218 m
793 1169 931 1241 quorum
952 1180 1073 1236 amore,
1140 1173 1146 1181 '

130 1237 216 1298 uoad
241 1236 364 1299 licitum
389 1245 452 1314 est,
476 1229 587 1302 odiosa
610 1237 708 1298 multa
735 1236 872 1298 delicate
900 1238 1007 1300 iocose
1031 1259 1072 1300 ue

108 1260 207 1456 lllecitz
237 1329 318 1401 quae
339 1315 557 1396 referremus,-
583 1317 643 1378 nisi
662 1317 784 1378 ineiora
806 1317 999 1401 potioraque
1041 1339 1074 1378 a·

131 1411 269 1456 eremum

188 1476 239 1536 111.
260 1464 353 1536 Bello
373 1473 611 1558 Peloponnesio
637 1474 731 1536 huius
747 1474 882 1537 consilio
898 1485 996 1558 atque
1015 1495 1069 1536 au·
1096 1494 1109 1536 s

109 1554 256 1618 ctoritate
266 1552 474 1615 Athenienses
498 1554 619 1616 bellum
640 1555 662 1616 S
683 1555 842 1616 racusanis
870 1555 1070 1620 indixerunt:

109 1635 149 1694 ad
171 1633 259 1717 quod
279 1634 455 1714 gerendum
475 1634 543 1714 ipse
563 1634 628 1694 dux
673 1635 877 1712 electuse'st3
900 1634 964 1696 dtlo
978 1653 1073 1716 prae·

108 1725 199 1776 terea
220 1711 365 1792 collegae
389 1711 470 1786 dati,
497 1713 601 1773 Nicias
630 1723 663 1786 'et
682 1700 868 1774 Lamachus.
909 1713 944 1773 ld
973 1728 1112 1795 quums

108 1802 337 1874 appararetur,
375 1790 441 1849 rius
457 1800 551 1872 quani
567 1790 673 1850 'elassis
688 1791 802 1866 exiret,
820 1791 946 1864 accidit,
961 1803 997 1850 ut
1011 1813 1074 1852 uua
1095 1825 1099 1832 ·

107 1883 204 1933 nocte
226 1887 335 1928 omues
392 1877 517 1944 ermae,
540 1869 648 1949 quiin
670 1869 789 1948 oppido
812 1874 903 1928 erant
922 1869 1074 1944 Athenis,

108 1950 345 2020 deiicerentur,
376 1957 506 2024 praeter
535 1955 651 2021 unum,
704 1947 737 2005 ui
763 1945 835 2005 ante
859 1947 981 2006 ianuam
1006 1957 1074 2010 erat

108 2023 296 2088 Andocidis.
333 2025 461 2105 (Itaque
484 2022 538 2082 ille
562 2036 676 2104 postea
733 2024 876 2085 ercurius
899 2021 1073 2085 Andocidis

106 2105 268 2168 vocitatus
283 2103 346 2182 est)
356 2102 398 2181 4).
423 2105 495 2164 Hoc
511 2113 610 2184 quum
623 2114 796 2199 appareret
807 2123 870 2163 non
880 2103 947 2164 sine
961 2124 1072 2185 magna
1091 2103 1112 2168 3

109 2185 285 2244 multorum
314 2181 522 2243 consensione
554 2201 624 2242 esse
651 2183 789 2260 lacurm3
820 2183 908 2266 quod
939 2204 1003 2244 non
1032 2183 1073 2244 ad

108 2264 281 2344 privatam,
307 2260 365 2320 sed
386 2261 426 2320 ad
449 2259 608 2341 publicam
627 2281 696 2322 rem
720 2262 915 2342 pertineret,
940 2280 1072 2354 magnus

109 2339 304 2402 multitudini
317 2340 414 2400 timor
427 2351 475 2400 est
495 2339 647 2416 iniectus,
668 2361 709 2401 ne
723 2350 784 2423 qua
801 2341 965 2433 repentina
979 2361 1026 2402 urs
1039 2340 1072 2400 in

7 2421 9 2428 ’
108 2421 238 2481 civitate
253 2419 433 2495 exsisteret,
448 2428 530 2502 quae
545 2420 726 2480 libertatem
738 2430 937 2500 opprimeret
950 2418 1073 2499 populi.

20 2575 25 2580 1
108 2501 181 2560 Hoc
196 2499 331 2558 maxime
346 2498 518 2560 convenire
533 2497 565 2558 in
574 2499 775 2559 Alcibiadem
790 2498 969 2572 videbatur,
983 2497 1072 2579 quod
1090 2505 1113 2572 {a

110 2590 143 2638 et
187 2573 327 2638 utentior
341 2588 374 2636 et
391 2578 509 2653 maior,
531 2587 625 2659 quam
641 2578 801 2658 privatus,
824 2575 1071 2636 existimabatur.

109 2599 228 2717 Multos
244 2655 326 2714 enim
340 2654 530 2716 liberalitate
545 2657 745 2732 devinxerat,
759 2656 869 2734 plures
886 2655 980 2715 ctiam
995 2675 1072 2734 ope·

110 2757 146 2796 ra
166 2733 290 2796 forensi
310 2749 383 2794 suos
396 2733 592 2794 reddiderat.
625 2735 734 2812 Quare
748 2733 861 2808 fiebat,
882 2743 918 2792 ut
933 2733 1113 2797 omnium5

42 2847 45 2851 ·
110 2814 241 2888 oculos,
264 2812 528 2894 quotiescumque
545 2813 576 2872 in
595 2813 760 2893 publicum
779 2812 957 2905 prodisset,
978 2811 1017 2871 ad
1037 2831 1073 2874 se

110 2903 336 2966 converteret,
357 2908 465 2972 neque
480 2890 511 2950 ei
529 2905 588 2971 par
604 2891 771 2984 quisquam
785 2913 817 2949 m
832 2889 960 2952 civitate
974 2910 1074 2970 pone·

110 2981 213 3032 retur.
244 2971 356 3053 ltaque
377 2990 442 3030 non
461 2969 563 3030 solum
577 2990 669 3050 spem
689 2992 720 3030 m
742 2989 782 3029 eo
797 2968 957 3030 habebant
976 2969 1076 3030 maxi·

110 3071 204 3124 mam,
224 3048 282 3109 sed
297 3049 392 3108 etiam
405 3047 565 3124 timorem,
579 3047 664 3130 quod
681 3060 714 3110 et
724 3048 838 3110 obesse
852 3047 1023 3129 plurimum
1040 3059 1074 3109 et
1180 3099 1182 3103 .

111 3127 268 3210 prodesse
282 3136 421 3208 poterat.
443 3125 708 3210 Adspergebatur
721 3127 815 3188 etiam
829 3127 966 3205 iufamia,
984 3127 1072 3210 quod
1092 3122 1113 3189 ὁ

108 3275 311 3298 m

178 3364 207 3433 4)
225 3379 288 3416 aera
305 3362 412 3416 videtur
439 3379 495 3436 esse
513 3364 610 3417 lectio:
643 3375 707 3416 ante
719 3363 830 3416 r’anunm
848 3373 909 3414 erat
923 3358 1071 3426 Andocidi,

111 3430 302 3500 Andocidique
335 3433 471 3484 vocitatus
499 3443 558 3497 est,
593 3431 753 3502 quaeeod.
781 3433 833 3484 Ox.
858 3431 1004 3483 adiuvetur.
1029 3429 1071 3482 Ci.

111 3499 216 3554 Drehn.
238 3506 264 3552 ct
282 3495 325 3550 ed.
343 3497 419 3552 lleid.
439 3527 474 3542 -·
