2564 3872
168 383 221 448 ita
462 374 560 439 XXV.
582 395 725 440 urricus.
744 379 776 460 d·-
798 379 837 444 es
914 437 918 442 .

163 540 298 604 drantet,
321 557 360 606 ex
385 557 448 620 qua
476 535 659 602 hereditate
687 555 762 614 acce
785 538 810 598 it
840 538 969 605 circiter
1000 545 1120 606 centies

122 625 141 687 3
163 613 228 684 HS.
248 619 327 678 Erat
348 628 446 698 nupta
469 636 564 676 soror
577 615 674 679 Attici
691 615 731 712 Q
776 617 853 680 ullio
868 619 1030 682 Ciceroni:
1053 645 1121 684 eas-

185 719 227 758 ue
251 697 374 776 nuptias
395 697 437 755 M.
461 695 576 755 Cicero
599 695 799 776 conciliarat,
827 717 899 758 cum
923 721 988 782 quo
1009 723 1027 761 a
1046 723 1136 763 con-v

161 720 352 858 iiisoipulatu
366 775 496 838 vivebat
511 772 775 854 coniunctissime,
795 777 895 838 multo
917 780 1012 840 etiam
1029 779 1120 843 ferni-

137 857 286 932 ¹liarius,
311 875 406 948 quam
427 873 501 914 cum
521 851 659 942 Quinto,
683 867 719 916 ut
745 853 879 916 iudicari
904 857 1023 938 possit,
1046 861 1123 940 plus

160 937 192 996 in
218 934 353 1004 amicitia
373 933 482 995 valere
507 931 741 996 similitudinem
765 955 907 1013 morum,
933 957 1027 1018 quam
1048 938 1120 1000 affi-

119 1018 300 1089 bnitatem.
340 1011 498 1072 Utebatur
521 1022 627 1071 autem
649 1011 825 1100 intimo'Q.
846 1017 1038 1094 Hortensio,
1065 1019 1121 1102 qui

160 1094 210 1154 bis
229 1091 429 1174 temporibus
449 1089 663 1171 principatum
687 1093 738 1153 elo
762 1094 888 1153 uentiao
909 1093 1057 1173 tenebat,
1084 1109 1139 1158 ut*

160 1173 296 1254 intelligi
314 1192 378 1232 non
391 1181 520 1250 posset,
540 1181 615 1230 uter
632 1190 704 1230 eum
721 1113 791 1252 pius
807 1171 972 1254 diligeret,
994 1175 1121 1254 Cicero,

160 1273 205 1322 nn,
223 1249 430 1321 Hortensius:
459 1261 491 1309 et
511 1247 561 1325 id,
589 1249 676 1332 quod
697 1263 767 1312 erat
790 1250 1028 1331 difficillimum,
1049 1252 1120 1317 effi·

159 1331 280 1407 ciebat,
307 1328 463 1407 ut,.inter
485 1348 565 1412 quos
586 1339 691 1396 tantae
711 1329 812 1391 laudis
835 1344 919 1392 esset
939 1330 1120 1412 aemulatio,

157 1411 243 1473 nulla
262 1405 479 1470 intercederet
500 1407 710 1488 obtrectati0,
734 1421 884 1492 essetque
905 1411 1021 1484 talium:
1033 1413 1135 1475 viro·

157 1512 230 1552 rum
251 1489 375 1570 copula.
406 1549 409 1557 Δ
562 1523 564 1526 -
716 1503 719 1510 ’

188 1566 191 1576 '
237 1569 291 1630 Vl.
312 1571 347 1628 In
366 1564 494 1648 republ.
514 1565 558 1628 ita
578 1577 723 1636 versatus
745 1576 819 1660 est,
833 1577 869 1626 ut
885 1583 1016 1651 semper·
1032 1573 1119 1653 opti-

158 1667 281 1714 marum
314 1647 452 1728 partium
486 1656 519 1708 et
549 1657 644 1715 esset.
663 1658 696 1714 el
729 1658 979 1724 enumeretur,
1008 1671 1117 1734 neque

157 1737 262 1788 tamen
284 1746 320 1786 se
341 1725 485 1796 civilibus
511 1723 662 1796 fluctibus
685 1725 921 1804 committeret,
943 1727 1030 1812 quod
1053 1751 1120 1790 nou

156 1806 256 1890 magis
280 1824 336 1866 eos
358 1805 390 1868 in
411 1807 466 1866 'sua
487 1816 648 1886 potestate
673 1804 868 1886 existimabat
892 1827 980 1886 esse,
1030 1809 1062 1869 ui
1082 1820 1118 1870 se

116 1902 134 1942 n
156 1885 204 1945 his
220 1885 398 1963 dedissent,
417 1883 584 1970 quamqui
601 1883 763 1946 maritimis
777 1884 979 1954 iactarentur.
1036 1909 1136 1952 ono·.

156 1970 290 2030 resnou
308 1966 417 2046 petiit,
439 1986 537 2050 quum
553 1965 583 2026 ei
599 1974 748 2048 paterent
762 1977 897 2045 propter
916 1967 969 2038 vel
986 1968 1122 2050 gratiam

155 2045 209 2106 vel
238 2045 439 2130 dignitatem:
472 2043 560 2128 quod
589 2064 695 2127 neque
727 2042 798 2122 peti
826 2063 916 2104 more
946 2047 1135 2123 maiorum„

155 2143 260 2208 neque
283 2124 355 2204 capi
399 2135 506 2186 ossent
526 2122 721 2186 conservatis
740 2121 877 2203 legibus,
899 2123 930 2183 in
949 2135 1014 2186 tam
1034 2125 1127 2188 effu.
1218 2157 1224 2165 ’

137 2202 197 2284 ,sis
221 2203 356 2264 ambitus
374 2145 618 2285 largitionibus,
643 2223 747 2285 neque
773 2203 842 2282 geri
863 2223 881 2264 c
904 2204 1028 2342 republ.
1049 2205 1118 2278 siue

113 2281 319 2362 dpcriculo,
353 2281 518 2360 corruptis
549 2281 683 2352 civitatis
717 2281 869 2364 moribus.
910 2283 939 2344 A
996 2284 1135 2356 hastam,

155 2359 316 2441 publicam
329 2357 499 2442 numquam
513 2359 655 2430 accessit.
682 2361 805 2420 Nullius
825 2359 874 2422 rei
887 2383 991 2446 neque
1005 2384 1120 2445 praes,

155 2457 262 2522 noque
295 2457 443 2518 manceps
475 2437 578 2498 factus
616 2451 672 2500 est
705 2441 894 2502 Neminem.
914 2462 1019 2524 neque
1057 2463 1117 2504 suo

156 2517 302 2592 nomine,
322 2537 427 2600 neque
442 2515 656 2598 subscribens,
678 2519 847 2582 accusavit.
880 2523 914 2581 ln
935 2521 984 2580 ius
1005 2521 1119 2582 desua

115 2604 135 2668 u
156 2616 193 2656 re
214 2615 388 2678 numquam
405 2597 458 2674 iit3
479 2595 631 2662 iudicium
651 2599 773 2660 nullum
792 2598 912 2661 habuit.
940 2601 1117 2663 Multorum

156 2675 324 2738 consulum
341 2689 593 2760 praetorumque
613 2677 834 2757 praefecturas
857 2679 974 2758 delatas
995 2679 1040 2750 sic
1066 2688 1132 2742 acm

155 2755 258 2837 cepit,
279 2767 315 2816 ut
336 2757 496 2826 neminem
508 2757 539 2816 in
559 2755 818 2840 provinciamsit
832 2769 976 2835 secutus,
984 2757 1117 2820 ,honore

155 2832 257 2896 fuerit
279 2848 462 2914 contentus,
491 2835 540 2896 rei
567 2834 730 2896 familiaris
755 2835 939 2918 despexerit
958 2835 1134 2900 fructuma

156 2913 212 2994 qui
238 2933 277 2972 ne
310 2935 381 2976 cum
409 2915 452 3002 Q.
479 2911 608 3056 quidem
638 2916 794 2978 Cicerone
830 2915 970 2978 voluerit
1006 2917 1054 2978 ire
1084 2917 1117 2977 in

463 3016 483 3058 u

155 2991 279 3068 Asiam„
303 3015 404 3074 quum
422 3016 463 3076 ap,
528 3013 601 3054 eum
621 2993 718 3075 legati
741 2995 848 3058 locum
872 2994 1018 3066 obtinere
1041 3017 1117 3077 pos·

155 3083 213 3131 set.
254 3073 325 3137 Nou
346 3073 429 3141 enirn
452 3073 568 3137 decere
588 3092 627 3155 se,
644 3072 875 3152 arbitrabatur,
905 3095 1003 3156 quum
1022 3095 1134 3156 prae·-

115 3146 135 3208 5
155 3161 260 3210 turam
282 3172 398 3233 gerere
413 3152 582 3228 noluisset,
604 3153 755 3213 asseclam
770 3173 839 3214 esse
853 3153 1022 3234 praetoris.
1043 3153 1117 3241 Qua

157 3228 188 3288 in
208 3251 245 3290 re
267 3253 331 3291 non
354 3233 458 3292 solum
479 3231 621 3312 dignitati
643 3232 817 3308 serviebat,
839 3232 1012 3292 sedetiam
1031 3245 1117 3293 tran-

157 3308 315 3389 quillitati,
335 3331 434 3392 quum
454 3309 650 3390 suspiciones
664 3330 794 3394 quoque
809 3311 925 3380 ritaret
938 3312 1116 3379 criminum.

157 3389 234 3476 Quo
247 3385 360 3466 fiebat,
378 3401 416 3451 ut
435 3389 503 3454 eius
516 3387 719 3458 observantie
730 3389 874 3464 omuibus
896 3402 982 3454 esset
999 3391 1116 3471 carior,
