2524 3872
337 443 376 488 ιι.
396 447 652 490 ruaursroonas.
675 447 704 508 7.
722 429 752 488 8.
992 447 1043 510 πᾳ

74 595 156 655 tium
175 593 287 656 l'acare
300 601 440 672 possent,
461 589 539 651 deos
564 591 728 672 publicos,
747 583 890 675 auosque
912 590 1034 671 patrios

75 694 112 734 ac
133 679 284 754 penates,
304 691 369 754 quo
385 670 508 730 facilius
530 669 569 730 ab
586 670 680 732 hoste
699 683 832 764 possent
846 669 1035 748 defendere,

74 754 173 812 muris
189 753 342 834 sepsissc3
362 769 468 832 neque
482 749 513 808 in
533 769 590 826 eo,
606 749 694 832 quod
707 751 817 810 inutile
833 761 918 812 esset
934 749 1034 811 Grae·

74 831 162 907 ciae,
189 831 317 892 fecisse.
356 831 437 886 Nam
454 827 584 888 illorum
607 829 721 889 urbem
749 841 785 888 ut
809 833 1075 910 propugnacu·5

72 909 140 968 lum
163 911 347 990 oppositum
362 903 393 984 9)
416 926 485 967 esse
505 906 666 983 barbaris,
686 908 771 988 apud
793 929 888 991 quam
906 907 1033 971 iambis

71 989 188 1048 classes
223 987 328 1070 regias
358 984 476 1046 fecisse
503 984 712 1068 naufragium.
762 988 1075 1054 Lacedaemoniosb

71 1079 182 1127 autem
202 1067 285 1126 male
308 1077 340 1126 et
360 1063 473 1126 iniuste
487 1064 614 1143 facere,
636 1066 690 1148 qui
705 1065 738 1125 id
751 1067 859 1148 potius
873 1067 1035 1130 intueren-

71 1158 145 1223 tur,
187 1145 253 1205 uod
272 1145 418 1227 ipsorum
439 1143 661 1221 dominationi,
680 1157 776 1228 quam
798 1146 886 1228 ¹quod
906 1145 1035 1208 univer·

70 1245 127 1285 sae
187 1225 310 1286 raeciae
340 1224 420 1284 utile
451 1235 543 1284 esset.
592 1225 719 1312 Quare,
751 1225 778 1284 si
804 1239 879 1286 auos
910 1225 1035 1307 legatos

69 1303 222 1385 recipere
238 1305 375 1380 vellent,
395 1316 476 1386 quos
491 1302 632 1364 Athenas
652 1305 820 1380 miserant,
840 1323 874 1364 se
891 1305 1035 1368 remitte·

69 1391 165 1456 rent,
190 1381 282 1442 aliter
301 1383 373 1442 illos
393 1403 468 1440 num
492 1403 563 1442 uam
584 1383 616 1442 in
635 1383 771 1474 'patriam
791 1382 955 1475 recepturi
974 1384 1013 1462 ¹).

136 1458 219 1526 VIII.
243 1465 362 1522 Tamen
381 1481 445 1521 non
459 1403 575 1544 elingit
588 1462 705 1522 civium
725 1475 856 1522 suorum
871 1461 1028 1522 invidiam.
1053 1481 1071 1524 ι’

68 1541 215 1624 Namque
245 1538 287 1600 ob
317 1539 465 1601 eumdem
489 1541 655 1616 timorem,
683 1561 748 1635 quo
773 1540 934 1601 damnatus
962 1550 1033 1602 erat

67 1620 247 1696 Miltiades,
264 1625 418 1680 testarum
432 1619 589 1700 suffragiis
605 1640 623 1680 e
639 1613 766 1680 civitate
782 1617 918 1696 eiectus,
929 1619 1031 1702 Argos

68 1699 247 1760 habitatum
260 1698 425 1759 concessit.
450 1695 511 1757 Hic
550 1713 625 1757 uum
640 1711 776 1790 propter
788 1700 901 1758 multas
917 1697 983 1758 eius
999 1697 1029 1792 2)
1052 1715 1071 1760 a

68 1778 206 1838 virtutes
225 1795 427 1858 magnacum
449 1721 601 1856 digniiate
621 1789 764 1852 ureret,
788 1777 1033 1838 Lacedaemomi

67 1856 194 1940 legatos
218 1857 358 1916 Athenas
379 1855 549 1929 miserunt,
576 1855 632 1937 qui
660 1871 732 1914 eum
756 1853 919 1914 absentem
941 1874 1033 1914 accu-

67 1939 196 2010 sarent,
212 1928 301 2016 quod
315 1931 498 1992 societatem
516 1949 588 1992 cum
600 1947 680 2013 rege
694 1934 865 1992 Persarum
880 1933 919 1991 ad
932 1932 1033 1992 Grae-

68 2016 151 2075 ciam
169 2010 409 2093 opprimendam
423 2009 562 2070 lecisset.
586 2013 659 2070 Hoc
679 2010 809 2070 crimine
830 2004 941 2072 absens
955 2031 1031 2093 pro·
1050 2015 1073 2078 3

68 2091 198 2154 ditionis
220 2102 269 2152 est
290 2090 463 2149 damnatus.
494 2089 530 2150 Id
550 2100 586 2148 ut
606 2089 744 2166 audivit,
766 2090 854 2172 quod
872 2111 937 2151 non
957 2091 1032 2152 satis

67 2183 174 2232 tutum
198 2191 233 2230 se
254 2168 350 2250 Argis
373 2167 518 2245 videbat,
550 2170 721 2248 Corcyram
747 2169 945 2252 demigravit.
984 2170 1033 2231 lbi

66 2265 170 2333 quum
195 2249 263 2310 eius
281 2248 383 2330 princi
409 2267 442 2308 es
465 2249 598 2309 civitatis
613 2248 885 2310 animadvertisset
897 2250 1033 2327 timere,

67 2350 109 2390 ne
124 2351 186 2410 pro
210 2341 261 2388 ter
281 2269 453 2388 sabelium
472 2327 521 2388 his
541 2327 785 2388 Lacedaemonii
808 2340 840 2390 et
860 2329 1032 2389 Athenien·

69 2423 119 2468 ses
147 2351 339 2484 indicerent3
371 2407 411 2466 ad
441 2403 632 2482 Admetum,
661 2408 875 2468 Molossorum
901 2427 1032 2490 regem,
1065 2457 1068 2464 .

70 2501 143 2546 cum
165 2505 228 2568 quo
246 2486 277 2545 ei
290 2485 462 2566 hospitium
477 2485 585 2547 fuerat
601 2487 643 2564 3),
665 2486 819 2568 confugit.
840 2489 913 2547 Huc
930 2506 1028 2570 quum
1048 2495 1070 2563 4

69 2565 225 2641 venisset,
253 2576 285 2624 et
312 2564 344 2622 in
368 2566 546 2644 praesentia
566 2585 625 2626 rex
645 2564 787 2642 abesset,
819 2587 883 2648 quo
907 2567 1033 2626 maiore·

68 2644 226 2725 religione
247 2662 282 2702 se
302 2655 470 2723 receptum
483 2655 648 2720 tueretur,
669 2641 765 2703 filiam
782 2644 849 2705 eius
861 2645 1030 2724 parvulam

68 2720 134 2783 arri
157 2723 220 2798 uit,
250 2733 281 2782 et
311 2736 383 2780 cum
412 2740 448 2780 ea
469 2723 555 2781 sein
581 2722 770 2798 sacrarium,
799 2724 887 2806 quod
908 2743 1039 2782 summa.

68 2744 238 2863 colebatur
251 2798 457 2877 caerimonia,
478 2801 621 2862 coniecit.
645 2799 721 2861 Inde
734 2822 799 2862 non
807 2801 900 2896 prius
922 2819 1029 2882 egres-

67 2900 121 2941 sus
145 2891 210 2957 est,
233 2900 328 2964 quam
347 2896 407 2939 rex
427 2899 500 2938 eum
522 2879 594 2940 data
615 2879 727 2938 dextra
746 2881 778 2940 in
794 2881 891 2940 fidem
905 2879 973 2940 reci
996 2900 1028 2946 e,-

66 2970 138 3038 ret,
162 2980 256 3042 quam
283 2957 451 3042 praestitit.
491 2961 571 3018 Nam
598 2977 696 3042 quum
723 2959 762 3020 ab
786 2959 968 3022 Atheniens
993 2960 1070 3024 uso

118 3162 148 3232 9)
177 3160 257 3216 codd.
275 3162 352 3214 Voss.
371 3160 401 3213 Β.
421 3161 471 3214 Ax.
490 3160 533 3214 ed.
551 3164 637 3230 Long.
663 3164 697 3212 al.
720 3163 882 3232 oppositam.
915 3161 969 3214 Sed
993 3163 1028 3214 cl.

68 3234 158 3285 Brem.
178 3237 204 3282 et
222 3228 325 3283 Daehn.
343 3257 375 3270 -
401 3230 426 3300 ι)
445 3231 528 3281 codd.
549 3241 640 3280 essent
658 3231 813 3298 recepturi,
835 3231 870 3282 cl.
888 3231 975 3282 Brem.

122 3298 149 3416 a}
169 3301 256 3350 Brem.
275 3301 303 3348 in
320 3298 383 3350 edd.
395 3299 532 3368 prioribus
548 3300 665 3350 eiecerat
681 3299 738 3347 eius
745 3314 757 3358 ,·
774 3299 801 3348 in
816 3298 859 3349 ed.
872 3295 896 3361 4.
913 3293 1028 3364 recepit,

69 3385 93 3418 v.
113 3385 127 3418 e
149 3403 156 3418 .
175 3367 262 3486 Heidhil
281 3391 316 3405 -
343 3365 372 3434 3)
394 3367 473 3430 Bard.
499 3365 615 3420 ocodd.
634 3363 754 3436 Guelpb.
771 3367 839 3420 Dan.
857 3363 935 3418 dedit
951 3373 1028 3427 trau

69 3443 97 3488 at
114 3435 151 3491 cf.
168 3435 225 3488 Dae
263 3458 322 3488 .-
980 3477 982 3481 ,
