2564 3872
390 411 500 477 llVlll.
526 421 689 477 renerus.
710 415 737 477 8.
762 435 790 496 9.
1018 439 1072 497 ιυι)

116 583 228 650 ventu,
250 591 344 712 ‹puam
364 572 434 653 ipse
448 575 575 634 tertium
589 587 712 656 portem
728 575 921 639 confecisset
936 575 1072 651 itineris3
1155 647 1161 658 .

112 652 160 712 sin
180 671 242 734 per
274 673 333 713 oca
354 653 420 713 sole
446 653 673 732 contenderet,
704 657 870 738 sperabat,
899 677 933 717 se
957 657 1074 738 impius

113 732 241 793 dentem
264 731 391 794 hostem
420 749 662 812 oppressurum.
702 735 754 797 Ad
781 736 862 797 banc
888 757 957 798 rem
976 733 1113 814 confi-7

112 811 257 872 ciendam
273 811 445 892 imperavit
466 813 729 894 quamplurimos
749 825 837 876 utres
860 827 957 899 atque
979 816 1073 876 etism

112 891 235 952 culleos
266 889 461 972 comparari,
492 890 672 972 posthaec
701 893 871 975 pabulum3
903 902 1073 976 praeterea

111 969 234 1030 cibaris
262 981 355 1030 'cocta
386 971 509 1030 dierum
542 969 672 1049 decern,
702 985 739 1033 ut
764 973 792 1052 1)
845 993 916 1034 usin
947 977 1073 1036 minime

109 1047 208 1110 fieret
238 1049 317 1142 ignis
346 1049 522 1111 incastris.
563 1051 644 1124 lter,
675 1051 764 1138 quod
784 993 940 1129 habebat,
964 1074 1073 1116 omnes

111 1130 209 1191 celet.
231 1127 448 1222 Superatus,
469 1149 535 1214 qus
555 1131 777 1204 constituerat,
825 1131 1022 1195 roliciscitur.

190 1210 243 1272 IX.
276 1209 451 1270 Dimidium
478 1211 552 1270 l'ere
575 1212 711 1291 spatium
738 1153 941 1291 conlecernt,
997 1235 1072 1274 uum
1099 1236 1109 1275 ι

112 1302 154 1350 ex
176 1285 265 1350 sumo
293 1300 470 1350 castrorum
495 1290 563 1350 eius
591 1293 729 1374 suspicio
753 1291 846 1355 allata
874 1305 923 1354 est
947 1235 996 1356 adl
1007 1293 1072 1353 Eu-

110 1385 256 1443 menem,
277 1367 404 1430 hostem
427 1370 694 1466 appropinquare.
735 1373 935 1436 Conveniunt
956 1374 1072 1449 duces3

113 1447 296 1529 quaeritur,
317 1448 394 1532 quid
416 1471 495 1532 opus
516 1451 552 1511 ht
571 1449 670 1514 fecto.
705 1451 809 1515 lntelli
833 1453 929 1514 ebant
952 1471 1073 1530 omnes,

111 1538 177 1586 tam
210 1528 360 1589 celeriter
391 1531 498 1611 copies
532 1531 676 1614 ipsorum
702 1472 847 1610 contrabi
874 1552 938 1594 non
964 1549 1072 1614 posse,

158 1624 208 1666 am
227 1605 404 1689 Antigonus
433 1609 590 1670 allbturus
615 1612 794 1672 ridebatur.
835 1612 897 1675 Hic
924 1611 1109 1672 omnibusn

110 1685 335 1762 trtubantlbus,
358 1701 390 1748 et
411 1688 452 1748 de
469 1689 567 1748 rebus
581 1691 710 1751 summis
725 1691 985 1772 desperantibus,
1007 1693 1072 1750 Eu-

14 1811 17 1820 .
111 1786 220 1828 menes
234 1766 294 1843 eit,
310 1767 336 1825 si
351 1767 550 1828 celeritatem
565 1769 662 1828 velint
675 1769 828 1831 adhibere
837 1809 846 1841 ,
870 1781 903 1830 et
918 1771 1072 1852 imperata

110 1845 240 1918 facere,
263 1846 350 1928 quod
372 1857 444 1906 ente
458 1866 521 1906 uon
535 1846 687 1923 fecerint,
702 1867 819 1908 serem
839 1847 1071 1928 expediturum.

109 1928 191 1986 Nam
215 1926 302 2008 quod
332 1924 443 1986 diebus
470 1925 610 2008 quinque
636 1925 736 1987 hostis
770 1927 920 1989 transisse
942 1938 1071 2008 posset,

110 2023 147 2066 se
170 2004 381 2081 effecturum,
400 2015 437 2064 ut
456 2019 520 2064 non
540 2005 640 2064 minus
660 2005 795 2066 totidem
820 2005 944 2066 dierum
968 2005 1069 2088 spatio

109 2083 350 2148 retardaretur:
372 2100 472 2168 quare
493 2083 714 2161 circumirent,
738 2105 875 2170 suesque
890 2085 1025 2170 quisquc
1041 2083 1070 2165 2)

111 2164 220 2245 copias
241 2163 455 2227 contraheret.
484 2164 534 2224 Ad
549 2164 700 2246 Antigoni
716 2176 821 2225 autem
842 2164 1069 2226 refrenandum
1090 2166 1108 2226 3

110 2244 265 2325 impetum
285 2245 349 2305 tale
369 2245 454 2327 cepit
474 2245 648 2306 consilium.
678 2245 793 2306 Certos
809 2245 905 2306 mittit
925 2245 1070 2307 homines

112 2324 153 2384 sd
172 2325 299 2386 infimos
321 2335 461 2403 montes,
490 2325 546 2410 qui
571 2325 657 2384 obvii
681 2337 770 2385 erant
794 2325 899 2386 itineri
922 2324 1071 2386 adversa-

112 2403 254 2478 riorum,
278 2403 392 2488 hisque
412 2405 571 2487 praecipit
591 2402 640 2483 ³),
659 2417 698 2465 ut
716 2405 818 2486 prime
838 2416 952 2482 nocte,
975 2425 1071 2488 quam

109 2482 262 2543 letissime
283 2485 421 2564 possint,
441 2487 531 2568 ignes
545 2485 661 2544 faciant
675 2505 770 2567 quam
783 2485 952 2560 maximos,
973 2497 1070 2568 etque

111 2561 382 2643 secundsvigilia
402 2566 558 2641 minuant,
588 2566 682 2627 tertia
704 2565 896 2648 perexiguos
918 2561 1069 2627 reddent:

111 2653 146 2702 et
177 2641 356 2702 assimulata
390 2655 570 2705 castrorum
600 2644 829 2704 consuetudine
856 2643 1111 2724 suspicioncmls

111 2721 250 2782 inliciant
269 2720 431 2798 hostibus,
452 2723 501 2783 bis
516 2721 594 2782 locis
617 2743 686 2784 esse
705 2733 824 2800 castra,
849 2742 884 2782 ec
902 2729 1072 2782 decorum

111 2801 251 2862 adventu
272 2821 343 2862 esse
363 2803 617 2884 praenuntiatum
624 2823 634 2880 3
654 2802 740 2863 idem
764 2822 805 2862 ue
825 2811 956 2882 postera
975 2813 1072 2861 nocte

110 2879 238 2941 sociant.
279 2881 615 2965 Quibusimperatum
639 2893 723 2959 erat,
742 2823 918 2962 diligenter
939 2901 1071 2964 praece·
1092 2882 1111 2941 5

111 2973 203 3042 ptum
219 2974 339 3024 curant.
362 2961 558 3044 Antigonus,
572 2961 713 3022 tenebris
727 2960 871 3040 obortis,
887 2958 977 3052 ignes
995 2979 1070 3022 con·
1112 3017 1118 3029 ,

112 3042 269 3124 spicatur:
298 3043 418 3123 credit,
450 3043 490 3103 de
512 3060 572 3102 suo
595 3041 735 3105 adventu
753 3059 823 3103 esse
844 3038 1003 3112 auditum,
1038 3051 1071 3100 et

109 3203 310 3226 qur-aa·-

168 3292 193 3363 1)
214 3301 274 3344 ante
294 3295 427 3348 Bremium
448 3297 543 3362 vulgo:
571 3307 657 3366 utque
675 3311 756 3366 quem
768 3294 881 3344 miru'me.
916 3295 998 3346 Deest
1018 3309 1070 3410 gne

112 3365 140 3415 in
152 3363 234 3416 codd.
247 3364 364 3445 ,Guelpln
376 3363 425 3414 Ax.
436 3363 512 3416 Leid.
524 3365 553 3416 B.
565 3367 643 3446 Yoss.
657 3365 690 3414 A.
702 3365 730 3414 ll.
743 3363 778 3414 cl.
790 3365 875 3444 brem.
896 3391 928 3401 -
947 3362 974 3430 a)
991 3379 1022 3411 vu
1035 3379 1069 3426 go

111 3431 662 3572 tttzffltsl:{tlstllsstt
675 3431 862 3484 ···“····’·
876 3431 968 3481 “ml
983 3429 1070 3480 ”··““·
