2524 3872
364 1397 792 1461 PRAEFATIO.

156 1843 263 1931 Quam
284 1862 346 1924 ego
370 1843 512 1904 Cornelii
533 1845 668 1924 Nepotis
695 1844 866 1905 editionem
893 1857 1086 1906 commenta·

75 1977 130 2037 riis
159 1978 190 2036 in
214 1995 306 2034 usum
331 1973 515 2034 scholarum
537 1974 724 2034 instructam
746 1977 781 2035 C.
802 1977 837 2036 F.
860 1976 1005 2040 Winteri.
1030 1978 1085 2036 im.

73 2107 180 2192 pensis
209 2107 448 2188 Heidelbergue
473 2107 689 2168 excudendum
722 2110 849 2186 curavi,
882 2129 919 2169 ea
943 2110 1084 2171 nondum

73 2242 104 2301 in
125 2241 231 2300 lucem
255 2239 437 2320 prodierat,
463 2258 535 2301 eum
556 2240 758 2318 Zellius,⁴V.
780 2243 820 2302 D.
844 2254 940 2326 utque
964 2245 1081 2305 amicus
1100 2232 1102 2236 ⁷

69 2373 165 2450 mihi,
182 2393 201 2432 a
219 2393 270 2432 me
293 2372 467 2456 quaesivit,
487 2397 562 2435 num
584 2373 887 2456 Stuttgurtianarum
905 2375 1078 2437 editionum

72 2519 242 2567 auctorum
270 2505 494 2584 classicorum,
525 2526 603 2590 quas
621 2506 690 2587 ipse
713 2525 770 2566 sua
792 2525 867 2581 eura
892 2519 1077 2569 ornaturum

70 2659 105 2700 se
127 2637 294 2720 professus
317 2648 383 2716 est,
404 2650 512 2717 partes
533 2638 653 2722 aliquas
675 2638 839 2719 suscipere
859 2637 985 2701 vellem.
1013 2639 1076 2699 Ne·

70 2791 137 2860 que
159 2769 302 2833 dubitari
323 2769 489 2852 equidem,
510 2789 613 2830 meam
633 2770 673 2831 ad
691 2771 824 2851 Nepotis
844 2769 925 2833 vitas
940 2788 1073 2852 pereen·

70 2903 187 2966 rendae
208 2901 399 2986 promittere
420 2921 570 2982 operum,
595 2921 634 2961 ex
654 2901 702 2980 iis,
726 2922 809 2986 quae
829 2901 949 2963 Zellius
970 2902 1072 2965 stutt-

69 3036 285 3120 gartiauarum
315 3033 490 3095 editionum
515 3045 745 3116 proposuerat,
771 3032 929 3096 institutis.
958 3069 999 3080 -
1028 3035 1071 3095 Ut

65 3169 100 3230 in
124 3166 391 3250 Heidelbergensi
419 3165 463 3227 ita
488 3163 520 3224 iu
543 3162 603 3224 huc
630 3163 769 3225 editione
792 3165 1002 3227 Bardilinnnm
1023 3165 1068 3226 in·

66 3300 181 3382 primis
204 3301 307 3362 secuti
325 3298 544 3362 retentionem
564 3315 688 3374 sumus,
718 3297 761 3357 ita
787 3308 892 3358 tamen
913 3308 949 3357 ut
968 3296 1067 3377 pluri·

63 3430 148 3510 bur,
178 3452 273 3516 quum
300 3433 365 3494 illie
391 3430 512 3496 fartum
539 3441 604 3509 eet,
636 3429 716 3492 loeit
740 3428 870 3492 alierum
892 3427 1064 3495 'editionum

790 3582 802 3620 Ι
817 3560 836 3596 Q
