2564 3872
406 417 510 493 XXV.
528 438 669 480 urricus.
695 442 738 490 ιι.
760 439 804 482 ro.
1028 433 1082 504 ¹47

130 597 260 660 semper·
277 577 453 656 succurrit3
475 577 678 660 quiquidem
699 578 884 658 Serviliam,
904 584 998 644 Bruti
1020 606 1084 646 ma.

131 669 228 732 trem,
242 681 306 721 non
330 658 431 718 minus
455 669 528 738 post
552 669 688 718 mortem
701 661 768 720 eius
792 683 887 743 quam
903 663 1039 724 florente
1050 665 1081 742 ὅ)

130 738 275 797 coluerit.
318 736 373 796 Sic
409 736 598 796 liberalitate
644 746 732 797 utens
767 742 867 800 nullas
905 741 1081 803 inimicitias

129 817 243 899 gessit:
271 815 358 908 quod
378 833 482 897 neque
504 814 653 874 laedebat
703 836 889 900 uemquam,
911 841 1034 904 neque,
1055 825 1087 883 si

129 915 224 978 quam
250 895 395 976 injuriam
419 904 604 972 acceperat,
632 835 771 955 mdebat
791 899 902 958 ulcisci
925 899 967 978 9),
987 903 1084 986 quani

130 973 285 1038 oblivisci.
317 973 404 1034 Idem
426 973 595 1033 immortali
619 975 771 1035 memorie
788 989 946 1068 percepta
966 981 1082 1042 retine·

129 1051 185 1114 bat
211 1053 367 1114 beneficia
375 1074 386 1130 3
407 1072 489 1135 quae
521 1063 627 1112 autom
656 1053 726 1133 ipse
753 1057 927 1130 tribuerat,
962 1059 1082 1120 tamdiu
1117 1067 1124 1098 l

129 1132 331 1220 meminerat,
366 1131 470 1215 quoad
492 1130 546 1191 ille
574 1143 683 1212 gratus
707 1143 792 1208 erat,
814 1134 869 1216 qui
905 1150 1081 1228 acceperat.

128 1213 238 1294 ltaque
258 1211 310 1273 hic
330 1211 424 1288 l'ecit,
451 1223 487 1271 ut
506 1230 584 1272 vere
606 1211 727 1271 dictum
749 1212 912 1274 rideatur:
936 1213 992 1274 Sur
1016 1217 1080 1278 eui·
1102 1217 1121 1281 6

130 1311 193 1374 que
224 1312 330 1354 mores
358 1289 481 1374 fingunt
511 1289 683 1352 lbrtunanr.
723 1293 835 1374 Neque
860 1304 965 1352 tamen
992 1296 1086 1375 prius.

129 1371 183 1430 ille
207 1369 387 1448 fortunam,
415 1393 508 1454 quam
533 1389 567 1430 se
591 1370 676 1451 ipsc,
704 1366 807 1431 finxit:
836 1372 891 1456 qui
912 1373 1013 1450 cavit,
1039 1393 1083 1438 ns.
1118 1393 1120 1398 ’
1189 1391 1191 1399 ’

129 1471 191 1534 qua
211 1450 242 1510 in
260 1471 296 1510 re
320 1451 389 1511 iure
413 1453 621 1532 plecteretur.

207 1531 275 1588 ΧΠ.
308 1531 365 1590 His
393 1531 492 1612 igitur
517 1529 613 1588 rebus
640 1527 762 1604 effecit,
793 1542 828 1590 ut
852 1532 893 1592 M.
914 1530 1117 1612 Vipsanium

129 1609 290 1690 Agrippa,
317 1609 423 1670 intima
446 1609 656 1667 familiaritate
685 1611 869 1671 coniunctus
890 1611 1084 1672 adolescenti

129 1688 267 1763 Caesari,
288 1708 387 1767 quum
407 1697 543 1768 propter
563 1705 651 1744 suam
671 1687 802 1766 gratiam
820 1701 852 1749 et
868 1691 1011 1752 Caesaris
1026 1711 1084 1772 pov

129 1766 260 1828 tentiam
282 1767 396 1824 nullius
418 1763 606 1826 conditionis
632 1783 696 1824 nou
715 1762 850 1826 haberet
874 1775 1083 1846 potestatem,
1120 1805 1125 1814 ·

129 1844 327 1928 potissimum
343 1845 410 1904 eius
426 1843 584 1923 deligeret
598 1839 793 1919 affinitatem,
813 1855 1085 1926 praeoptaretque

132 1923 248 2007 equitis
274 1924 409 1984 Romani
435 1922 530 1981 filiam
559 1939 785 2012 generosarum
810 1923 936 2003 nuptiis.
978 1924 1124 2006 Atquen

130 2003 243 2066 harum
258 2002 442 2082 nuptiarum
455 2000 640 2063 conciliator
653 1998 717 2059 tuit
732 2002 810 2080 (non
824 2015 872 2062 est
886 2001 969 2062 enim
982 2001 1088 2064 celan·

132 2081 223 2161 dum)
244 2083 285 2142 Μ.
305 2081 480 2158 Antonius,
506 2077 654 2140 triumvir
673 2079 809 2160 reipubl.
830 2080 1086 2142 constituendae:

130 2162 221 2224 cuius
245 2161 346 2242 gratia
366 2181 464 2245 quum
486 2181 525 2221 au
550 2177 606 2218 ere
629 2159 845 2238 possessiones
866 2170 977 2241 posset
997 2181 1087 2237 suas,

132 2253 253 2302 tantum
277 2240 379 2302 abluit
400 2265 416 2302 a
441 2239 515 2324 cupi
539 2239 613 2298 itate
637 2237 808 2318 pecuniae,
837 2239 976 2298 utnulla
997 2239 1086 2299 inre
1125 2255 1129 2266 ’

132 2341 206 2382 usus
231 2321 271 2382 sit
293 2342 349 2398 ea,
371 2321 429 2382 nisi
450 2323 482 2382 in
504 2316 714 2399 deprecandis
734 2317 908 2380 amicorum
929 2331 982 2378 aut
1001 2318 1083 2400 peri·

134 2401 228 2476 culis,
253 2414 308 2462 sut
328 2401 547 2464 incommodis.
579 2397 676 2483 Quod
698 2398 827 2480 quidem
845 2398 905 2459 sub
925 2398 991 2479 ipsa
1035 2402 1126 2464 ιιι-3

133 2480 304 2572 scriptione
332 2482 515 2558 perillustre
542 2475 613 2538 fuit.
653 2481 731 2535 Nam
761 2500 860 2559 quum
887 2479 924 2537 L.
949 2418 1093 2550 Saufeii,

134 2559 248 2641 equitis
268 2557 420 2632 Romani,
445 2556 585 2636 aequalis
608 2555 673 2628 sui,
703 2555 758 2635 qui
785 2557 809 2632 ¹)
831 2557 1014 2635 complures
1036 2575 1090 2615 an·

83 2670 86 2676 ·
134 2657 209 2712 nos,
236 2635 341 2695 studio
361 2634 476 2694 ductus
496 2631 736 2712 philosophiae,
764 2633 895 2692 Athenis
916 2631 1090 2707 habitabat,

135 2713 339 2796 habebatque
361 2713 393 2772 in
404 2713 492 2772 ltalia
511 2709 666 2789 pretiosas
683 2712 911 2788 possessiones,
930 2711 1089 2772 triumviri

135 2794 218 2855 bona
237 2792 453 2854 vendidissent
476 2786 704 2850 consuetudine
725 2807 779 2863 ea,
801 2810 863 2872 qua
876 2801 942 2846 tum
963 2808 1015 2848 res
1036 2807 1090 2869 ge-

136 2873 305 2934 rebanturz
339 2871 434 2932 d'ttici
455 2869 566 2930 labore
588 2876 682 2962 atque
706 2865 861 2928 industria
881 2865 1000 2926 l'actum
1026 2875 1092 2943 est,

137 2964 172 3012 ut
193 2952 307 3014 eodem
328 2950 436 3010 nuntio
451 2946 597 3008 Saul'eius
621 2947 714 3008 lieret
736 2945 866 3021 certior,
886 2966 920 3004 se
941 2945 1091 3026 patrimo-

137 3032 224 3094 nium
243 3031 383 3092 amisisse
406 3041 438 3090 et
456 3044 675 3105 recuperasse.
714 3021 803 3086 Idem
820 3027 857 3084 L.
877 3025 989 3085 lulium
1011 3021 1131 3096 Gali-4

187 3218 215 3286 8)
242 3208 306 3268 eod.
333 3219 418 3266 Ernst.
441 3213 623 3280 eo-florerrte5
646 3211 688 3264 ed.
704 3209 820 3275 'Longob
842 3207 1040 3274 abstereutem.
1058 3230 1092 3244 -··
1130 3201 1133 3210 '

139 3287 167 3354 9)
187 3285 267 3340 codd.
286 3303 342 3334 aron
358 3284 468 3343 atlcisci;
493 3282 729 3350 particularium
753 3277 883 3342 omittitur
907 3277 934 3324 in
964 3275 1005 3324 ed.
1024 3275 1094 3328 leus.

141 3357 174 3404 nl.
198 3361 261 3402 vett.
288 3361 315 3401 et
344 3358 455 3402 recentt.
481 3350 545 3400 cdd.
575 3377 607 3388 —
634 3349 662 3399 in
682 3346 725 3398 ed.
748 3344 816 3395 lens.
842 3345 920 3394 etiam
944 3342 1093 3392 omittitur:

140 3438 222 3494 qaum
240 3420 368 3470 obh'visci.
385 3445 418 3456 -
440 3418 475 3468 cl.
497 3415 598 3468 Daebn.
1081 3429 1084 3434 ¹

197 3487 221 3555 ι)
245 3489 346 3552 ιιιΙςοι,
359 3487 410 3556 qui
424 3501 483 3550 cram
497 3501 544 3547 eo,
562 3483 636 3552 quod
655 3499 669 3534 c
688 3480 777 3550 multis
795 3477 873 3532 codd.
893 3477 975 3528 abest.

860 3543 933 3606 10*
