2524 3872
174 377 214 442 6ο
527 373 567 440 X.
587 393 679 442 uror.
706 395 731 436 ι.
752 391 771 439 s

234 541 258 600 l.
278 536 378 608 Dion,
399 531 565 615 Hipparini
585 533 686 611 lilius,
706 533 937 616 Syracusanus,
960 532 1061 615 nobili
1081 553 1141 616 ge·

174 639 252 682 aere
267 629 374 686 sutus,
387 625 524 695 utraque
538 615 715 696 implicatus
730 612 892 693 tyrannide
900 613 1141 692 Dionysiorum.

173 701 252 760 Nam
277 715 318 756 ne
346 693 400 752 ille
427 695 578 773 superior
600 692 859 767 Aristomachen,
887 697 1036 774 sorerem
1058 693 1141 754 Dio-

174 777 239 848 nis,
255 717 371 836 habuit
390 771 422 836 in
442 773 659 835 matrimonio:
688 792 727 833 ex
747 793 811 866 qua
833 770 913 830 duos
933 770 1035 852 filios,
1058 773 1142 852 Hip-

173 855 320 936 parinum
341 864 374 912 et
393 853 567 930 Nysaeuns,
593 862 795 934 procreavrts
821 849 1020 933 totidemque
1040 848 1141 928 filias,

173 933 301 997 nornine
336 930 562 1023 Sophrosynen
591 944 625 993 et
652 931 791 992 Areten:
828 951 963 1012 quarum
995 929 1141 1011 priorem

173 1011 328 1094 Dionysio
350 1012 435 1083 fibo,
460 1009 584 1086 eidem,
607 1009 659 1072 cui
678 1029 812 1089 regnum
833 1007 981 1090 reliquit,
1003 1022 1141 1090 nuptum

136 1107 155 1149 a
176 1089 280 1165 dedit,
301 1091 448 1162 alteram,
469 1089 606 1164 Areten,
626 1087 732 1148 Dioni.
773 1089 859 1154 Dion
879 1098 988 1147 autem
1006 1100 1141 1168 praeter

173 1168 315 1235 nobilem
342 1167 614 1253 propinquitatem
637 1186 891 1250 generosamque
907 1166 1072 1228 ,maiorum
1091 1166 1141 1228 fa·

174 1270 257 1310 marn
276 1248 374 1308 multa
400 1245 460 1306 alia
482 1246 519 1306 ab
539 1260 652 1312 natura
672 1245 782 1306 habuit
803 1246 904 1308 bona:
930 1245 962 1306 in
982 1244 1032 1305 his
1050 1245 1140 1327 inge·

174 1328 261 1389 nium
276 1326 398 1401 docile,
416 1345 525 1401 come,
540 1338 648 1406 aptum
664 1326 703 1394 sd
720 1337 805 1386 artes
820 1325 973 1405 optimass
994 1344 1139 1406 magnam

174 1405 324 1486 corpe&
343 1405 546 1486 dignitatem,
567 1427 649 1487 quae
670 1425 734 1466 non
756 1404 917 1464 minimum
939 1403 1140 1484 commenda,

174 1497 229 1546 tur
245 1483 291 1563 ⁷);
308 1504 433 1564 magnas
446 1495 615 1564 praeterea
629 1484 753 1545 divitias
768 1505 785 1543 a
799 1495 890 1563 patre
906 1481 1044 1556 relictas,
1059 1503 1139 1564 quas

133 1563 155 1628 3
175 1565 244 1656 ipse
264 1564 385 1654 tyranni
400 1563 585 1640 muneribus
606 1573 745 1635 auxerat.
770 1563 851 1622 Erat
871 1563 998 1628 intimus
1018 1562 1140 1641 Diony.

174 1663 224 1710 aso
237 1641 356 1722 prrori,
377 1661 481 1724 neque
503 1642 604 1710 minus
624 1654 762 1735 propter
778 1659 902 1714 mores,
924 1661 1018 1723 quam
1040 1639 1139 1701 affini,

174 1732 283 1780 tatem.
313 1722 455 1803 Namque
477 1722 536 1780 etsi
554 1721 696 1800 Dionysir
712 1720 883 1782 crudelitas
901 1721 931 1780 ei
949 1718 1139 1798 displicebat

173 1811 278 1860 tamen
298 1801 419 1863 salvum
441 1820 509 1860 ease
529 1796 559 1880 8)
581 1813 718 1882 propter
738 1798 1020 1871 necessitudinem,
1040 1799 1139 1881 magis

174 1879 269 1939 etiam
293 1900 426 1940 suorum
458 1899 569 1953 causa,
604 1880 764 1942 studebat.
805 1878 926 1938 Aderat
957 1877 989 1936 iu
1018 1878 1137 1959 maguis

172 1958 290 2035 rehuss
312 1959 444 2040 eiusque
466 1959 598 2027 consilio
616 1959 752 2026 multum
772 1956 961 2026 movebatur
977 1967 1139 2038 tyrannus,
1198 1985 1204 1992 ·

172 2038 232 2096 nisi
253 2058 316 2124 qna
349 2038 381 2096 iu
400 2057 436 2096 re
464 2038 565 2096 maler
592 2038 689 2117 ipsius
718 2035 874 2117 cupiditas
903 2036 1137 2100 intercesserat.

132 2127 153 2190 4
173 2117 363 2194 Legationes
381 2135 476 2188 vero,
490 2135 572 2197 quae
589 2128 694 2186 essent
708 2115 915 2186 illustriores,
928 2135 989 2194 per
1000 2114 1138 2182 Dionem

175 2192 487 2259 administrabantur:
509 2215 585 2288 quas
601 2195 732 2278 quidem
751 2195 805 2253 ille
826 2192 996 2274 diligenter
1018 2192 1138 2260 obeun.

174 2271 237 2346 do,
272 2270 414 2342 fideliter
449 2271 693 2336 admmistrando
726 2272 995 2336 crudelissimum.
1021 2293 1138 2337 nomen

132 2353 153 2414 5
173 2351 294 2430 tyranni
315 2371 371 2416 sua
386 2351 578 2418 humanitate
599 2353 730 2434 tegebat
752 2347 793 2430 9).
836 2354 931 2411 Hunc
952 2351 1137 2430 allionysio

172 2429 301 2488 missum
313 2429 585 2510 Carthaginienses
600 2442 828 2510 suspexerunt,
848 2443 885 2490 ut
897 2431 1054 2492 neminem
1068 2451 1137 2488 um-

172 2529 266 2592 quam
284 2509 408 2577 Graeca
427 2511 533 2592 lingua
552 2513 737 2592 loquentem
758 2509 856 2591 magis
877 2509 939 2572 sint
959 2509 1115 2572 admirati.

174 2595 176 2600 ’
242 2587 279 2644 ll.
302 2588 414 2669 Neque
431 2609 509 2659 vero
526 2589 605 2658 haee
619 2587 808 2666 Dionysium
829 2585 1005 2669 fugiebant,
1040 2591 1136 2664 Nam,

172 2678 290 2748 quanto
306 2678 390 2731 esset
411 2667 471 2727 sihi
492 2679 696 2734 ornamento,
718 2665 885 2730 sentiebat.
928 2667 1003 2753 Quo
1028 2662 1135 2741 tiebat,

171 2756 208 2802 ut
234 2745 288 2808 uni
314 2745 388 2804 huic
417 2747 551 2811 maxime
573 2745 772 2826 indulgeret,
799 2765 906 2826 neque
935 2767 1009 2810 eum
1041 2764 1134 2804 secus

131 2841 151 2881 n
167 2822 336 2905 diligeret,
360 2844 397 2897 ee
421 2823 529 2891 filium,
571 2825 635 2962 qui
657 2824 803 2907 quidem,
828 2845 942 2908 quum,
966 2825 1134 2884 Platonem

171 2905 345 2975 Tarentum
375 2905 516 2978 venisse,
544 2902 627 2963 farra
656 2905 688 2974 in
712 2902 850 2962 Siciliam
878 2914 964 2962 esset
995 2903 1134 2992 perlata,

172 2980 366 3043 adolescenti
379 3002 496 3070 negare
509 3002 572 3054 non
583 2984 690 3068 potuit
701 2981 740 3062 ¹),
759 2981 836 3077 quin
857 3001 930 3054 sum
944 2991 1134 3065 arcesseret,

177 3115 353 3146 Ἢ

223 3186 249 3254 7)
275 3188 367 3238 Lamh.
388 3184 576 3249 commendet,·
603 3185 655 3236 vid.
684 3187 762 3237 Bard.
783 3193 810 3236 et
835 3183 939 3236 Daehn.
960 3180 994 3225 -’
1013 3185 1046 3253 8)
1073 3198 1133 3236 esse

171 3252 248 3304 deest
270 3256 297 3303 in
320 3253 401 3308 codd.
425 3282 459 3294 -
483 3255 561 3304 Bard.
582 3256 700 3317 inclusit,
723 3253 824 3310 Daehn.
853 3255 961 3317 omisit3
987 3262 1014 3312 at
1034 3255 1069 3302 cl'.
1089 3253 1132 3302 ed.

170 3321 246 3370 lleid.
265 3347 299 3358 ·-
318 3321 345 3386 9)
365 3322 443 3369 Voss.
462 3320 494 3370 A.
514 3323 645 3386 lerrr'ehot,
672 3337 725 3369 non
745 3311 829 3368 male!
853 3320 972 3390 Guelph.
990 3321 1045 3371 Gir.
1064 3321 1132 3370 Dan.

169 3390 202 3438 al.
222 3388 284 3438 huic
301 3389 410 3436 lectioni
427 3388 514 3437 lbvent
533 3389 701 3440 exhibentesr
722 3382 839 3437 terrebat.

221 3453 246 3522 ι)
266 3453 368 3504 Daehn.
388 3470 445 3504 non
460 3457 593 3526 potuerit.
