2524 3872
68 392 74 403 '
179 397 220 460 aa
470 387 556 452 xlv.
579 401 750 449 uersuta.
769 405 800 466 7.
822 385 852 448 8.

179 551 311 626 saltum,
338 548 370 608 in
394 567 459 630 quo
483 543 612 610 Ciliciae
638 559 753 626 portae
775 554 847 604 sunt
868 544 965 621 sitae,
992 543 1146 604 Datames

140 632 420 712 3praeoccupare
447 625 578 686 studuit.
618 623 684 686 Sed
711 637 776 686 tam
804 623 912 684 subito
933 622 1041 704 copias
1067 641 1148 684 con-

180 708 309 770 trahere
332 727 397 766 uon
425 703 539 786 potuit.
581 703 610 762 A
640 725 703 786 qua
736 723 773 763 re
804 701 974 784 depulsus,
1001 721 1073 762 cum
1106 721 1146 762 ea

180 803 290 862 manu,
322 801 416 878 quum
442 792 657 861 contraxerat,
689 783 796 844 locum
820 781 941 863 delegit
964 780 1077 856 talem,
1105 790 1145 838 ut

181 883 287 948 neque
312 862 536 923 circumiretur
562 863 601 922 ab
626 861 789 936 hostibus,
814 877 921 942 neque
949 858 1145 940 praeteriret

185 942 397 1020 adversarius,
418 942 493 1024 quin
510 941 698 1020 ancipitibus
715 939 796 1000 locis
811 949 1030 1020 premeretur,
1049 943 1098 1013 el,
1117 937 1146 996 ti

182 1022 333 1083 dimicare
354 1038 428 1080 eum
444 1019 474 1098 7)
497 1039 536 1080 eo
558 1019 673 1093 vellet,
694 1039 758 1079 non
771 1020 906 1078 multum
930 1017 1045 1078 obesse
1063 1017 1146 1076 mul-
1221 1019 1226 1030 “

180 1102 282 1162 titudo
306 1100 444 1159 hostium
464 1117 539 1157 suae
557 1097 711 1189 paucitati
732 1105 852 1178 posset.

266 1179 348 1242 VIII.
390 1179 478 1238 Haeo
505 1186 565 1236 etsi
585 1175 842 1256 Autophradates
866 1165 1012 1250 uidebat,
1039 1183 1146 1234 tamen

182 1257 291 1318 statuit
315 1255 485 1337 congredi,
514 1274 609 1336 quam
632 1273 705 1314 cum
723 1255 817 1314 tantis
845 1253 945 1336 copiis
972 1253 1145 1336 refugere,

143 1359 161 1404 a
183 1347 236 1396 aut
256 1340 321 1395 tam
341 1334 396 1394 diu
418 1353 483 1394 uuo
504 1333 579 1393 loco
600 1332 725 1393 sedere.
766 1333 911 1395 Habebat
933 1331 1147 1392 barbarorum

182 1415 325 1497 equitum
350 1412 480 1495 viginti,
509 1410 652 1491 peditum
680 1419 806 1472 centum
836 1411 948 1488 millia,
980 1431 1061 1505 quos
1097 1411 1146 1471 illi

183 1493 339 1552 Cardacas
366 1491 542 1572 appellant,
572 1490 777 1574 eiusdemque
803 1491 929 1573 generis
957 1502 1016 1550 trra
1039 1490 1146 1550 lundi-

182 1583 308 1632 torum:
339 1581 509 1650 praeterea
539 1569 766 1650 Cappadocum
794 1579 887 1646 octo,
918 1569 1146 1631 Armeniorum

183 1650 314 1725 decem,
350 1648 591 1730 Paphlagonum
626 1648 784 1730 quinque,
819 1648 983 1742 Phrygum
1013 1649 1144 1722 decem,

186 1728 351 1807 Lydorum
372 1729 528 1821 quinque,
549 1726 786 1808 Aspendiorum
807 1739 840 1787 et
857 1728 1034 1788 Pisidarum
1054 1726 1146 1786 circi-

124 1881 126 1890 Ι
182 1813 232 1867 ter
251 1806 329 1883 tria,
356 1808 490 1867 Cilicum
513 1805 595 1880 duo,
627 1805 854 1898 Cuspianorum
876 1805 907 1886 θ)
928 1807 1077 1881 totidem,
1103 1825 1143 1866 ex

184 1885 318 1947 Graecia
333 1886 565 1947 conductorum
581 1885 642 1945 tria
657 1884 770 1944 millia:
791 1885 870 1948 levis
886 1891 1063 1946 armaturae
1079 1905 1145 1943 ma·

143 1963 302 2032 aximum
329 1980 505 2026 numerum.
546 1965 612 2024 Has
641 1966 793 2027 adversus
820 1965 927 2047 copias
949 1983 1021 2046 spes
1043 1963 1143 2025 omnis

184 2043 378 2104 consistebat
404 2043 529 2102 Datami
566 2043 598 2101 in
628 2064 662 2104 se
689 2042 818 2134 locique
852 2056 979 2108 natura:
1006 2062 1144 2125 namque

182 2120 274 2180 huius
294 2133 419 2201 partem
439 2143 502 2182 non
522 2120 660 2182 habebat
681 2121 862 2182 vicesimam
883 2124 1027 2183 militum.
1066 2121 1143 2214 Qui·
1221 2157 1226 2164 ·

182 2199 242 2261 bus
262 2199 365 2258 I'retus
387 2198 544 2274 conflixit,
575 2199 897 2283 adversariorumque
923 2203 1020 2262 multa
1046 2200 1144 2260 millia

184 2277 339 2351 concidit,
362 2295 460 2360 quum
481 2278 521 2337 de
541 2277 639 2398 ipsius
656 2277 799 2339 exercitu
814 2301 877 2340 non
897 2283 1029 2361 amplius
1043 2279 1145 2339 homi-

183 2375 259 2416 num
275 2356 361 2416 mille
381 2356 547 2416 cecidisset
576 2357 602 2434 ).
623 2357 727 2448 Quam
747 2355 789 2417 ob
803 2379 926 2420 oausam
940 2373 1073 2440 postero
1091 2357 1144 2417 dic

144 2447 165 2514 4
184 2447 353 2514 tropaeum
368 2435 484 2515 posuit,
498 2455 562 2517 quo
574 2438 646 2497 loco
659 2435 763 2518 pridie
774 2450 950 2519 pugnatum
963 2450 1040 2499 erat.
1061 2439 1145 2499 Hinc

185 2535 284 2597 quum
298 2525 401 2573 castra
415 2516 575 2590 movisset,
594 2533 797 2597 semperque,
811 2516 947 2578 inferior
961 2518 1077 2598 copiis,
1092 2535 1144 2577 su-

183 2592 296 2674 perior
311 2593 454 2654 omnibus
469 2593 599 2674 proeliis
614 2595 796 2655 discederet
809 2595 848 2676 ι),
870 2597 958 2678 quod
972 2616 1144 2682 numquam

184 2691 310 2730 manum
331 2684 533 2751 consereret,
566 2673 624 2733 nisi
651 2691 749 2756 quum
771 2674 969 2738 adversarios
996 2678 1142 2740 locorum

183 2743 333 2830 angustiis
355 2747 552 2833 clausisset(
577 2753 642 2812 uod
681 2754 763 2814 erito
778 2755 946 2836 regionum
963 2755 1142 2840 callideque

145 2828 336 2908 deogitanti
365 2851 462 2912 saepe
495 2833 562 2891 acci
587 2775 700 2910 chag:
735 2833 1012 2914 Autophradates,
1044 2854 1142 2918 quum

149 2913 151 2920 '
184 2900 306 2968 bellum
326 2907 400 2970 duci
422 2909 542 2972 maiore
563 2911 648 2992 regis
668 2911 858 2990 calamitate,
879 2933 974 2995 quam
996 2914 1143 2975 adversa-

184 2984 326 3063 riorum,
355 2988 497 3068 videret,
530 2988 570 3050 ad
596 3001 709 3070 pacem
739 2991 971 3074 amicitiamque
997 2992 1142 3056 hortatus

180 3133 366 3154 ..n—nb

237 3223 265 3358 73
291 3221 456 3294 praepositio
488 3219 565 3277 deest
590 3229 617 3278 in
643 3225 725 3282 codd.-
754 3237 781 3281 et
805 3237 869 3282 vett.
892 3227 955 3282 edd.
981 3227 1016 3280 cI.
1038 3225 1139 3280 Daehn.

234 3293 251 3342 8

186 3353 214 3406 B.
234 3359 318 3424 Long.
339 3358 508 3409 cecidissent.
525 3381 560 3398 -·-
586 3361 611 3427 t)
633 3365 667 3412 ald
691 3374 721 3414 ug
739 3361 790 3431 ins,
809 3366 913 3434 coppi„
931 3366 971 3416 ,pa
990 3382 1050 3434 m„
1070 3383 1140 3416 omn·

89 3473 92 3482 .
184 3424 272 3492 procl.
290 3422 452 3476 discedebat.
471 3426 505 3477 ci.
523 3425 601 3508 ilerd.
618 3449 654 3469 ..-

290 3294 368 3358 vulgo
386 3295 656 3358 Captianorum,‘cl.
690 3297 789 3347 Cellar.
816 3307 843 3348 et
865 3299 926 3348 Bos.
954 3325 987 3337 ·-
1012 3295 1040 3364 9)
1062 3297 1140 3346 Voss.
