2524 3872
479 379 532 442 tx.
551 394 673 440 coros.
693 393 724 438 e.
741 378 772 444 d·
842 372 844 376 ’
1064 383 1116 480 ⁵7,

139 537 356 623 eumdemque
383 557 536 622 generum
567 537 653 620 regis
684 549 719 600 et
749 534 986 620 propinquum:
1019 560 1035 601 a
1061 541 1105 600 ud

139 639 237 702 quem
257 629 294 680 ut
314 619 448 680 multum
465 617 565 712 gratia
583 619 720 690 valeret,
739 619 840 679 multo
856 617 968 678 labore
984 561 1105 680 muftis·

139 719 204 781 que
221 697 331 760 effecit
344 698 506 781 periculis.
534 700 612 758 Nam
626 717 725 778 quum
738 696 990 773 Lacedaemonii,
1004 697 1105 760 Athe«
1124 721 1142 761 n

137 777 301 840 aiensibus
320 775 470 850 devictis,
490 776 523 838 in
543 773 697 836 societate
719 795 782 836 non
802 788 984 854 manerent,
1008 799 1105 860 quam

139 877 214 918 cum
230 856 408 918 Artaxerxe
425 854 586 928 fecerant,
606 853 853 958 Agesilaumque
874 853 1029 916 bellatum
1047 857 1108 916 mi·
1156 863 1159 868 '

138 935 254 1000 sissent
274 935 306 996 in
321 935 443 1009 Asiam,
463 934 597 996 maxime
614 931 777 1014 impulsis
800 932 1024 1014 Pissapherne,
1048 938 1105 1018 qui

140 1035 182 1075 ex
201 1014 315 1076 intimis
341 1015 428 1096 regis
452 1011 491 1073 ab
520 1011 655 1074 amicitia
676 1012 745 1072 eius
770 1009 949 1087 defecerat,
976 1025 1105 1076 etcum

87 1163 94 1169 „
137 1092 397 1160 Lacedaemoniis
436 1093 559 1154 coierat
594 1090 799 1156 societatem:
835 1089 919 1152 hunc
949 1091 1105 1154 adversus

137 1172 364 1238 Pharnabazus
383 1171 510 1233 habitus
535 1182 584 1236 est
603 1171 797 1252 imperator3
819 1190 856 1232 re
878 1167 1007 1253 quidem
1025 1192 1105 1233 vera

138 1251 297 1313 exercitui
311 1250 452 1333 praefuit
462 1254 587 1319 Conon,
603 1249 737 1332 eiusque
754 1249 858 1312 omnia
869 1249 1001 1312 arbitrio
1012 1262 1104 1333 gesta

137 1342 221 1396 sunt.
262 1331 324 1392 Hic
344 1332 480 1393 multum
500 1330 615 1393 ducem
635 1349 808 1402 summum,
828 1327 1024 1410 Agesilaum,
1047 1329 1104 1389 im·
1123 1325 1144 1387 3

137 1409 276 1490 pedivit,
296 1430 457 1494 saepeque
477 1410 545 1472 eius
568 1409 706 1470 consiliis
728 1407 870 1484 obstitit3
895 1427 1000 1490 neque
1023 1427 1103 1468 vero

136 1509 202 1552 nou
216 1488 279 1552 fuit
293 1501 455 1571 apertum,
469 1489 496 1549 si
509 1490 564 1550 ille
579 1508 643 1548 non
657 1487 786 1560 fuisset,
801 1486 984 1567 Agesilaum
996 1485 1105 1546 Asiam

138 1571 248 1632 Tauro
268 1579 362 1630 tenus
377 1568 448 1662 regi
467 1567 565 1630 fuisse
586 1578 784 1648 erepturum.
815 1565 881 1656 Qui
886 1578 1104 1704 posteaquam
1124 1571 1145 1634 li

138 1645 305 1712 domums
322 1647 385 1708 suis
405 1647 528 1710 civibus
541 1657 710 1708 revocatus
727 1657 794 1719 est,
840 1667 883 1706 uo
921 1644 1050 1707 Boeotii
1071 1655 1106 1704 et

137 1725 348 1790 Athenienses
362 1725 620 1788 Lacedaemoniis
639 1725 761 1784 bellum
779 1667 970 1796 indixerant,
993 1725 1105 1784 Cotton

138 1805 239 1866 nihilo
261 1805 364 1866 secius
385 1803 470 1885 apud
489 1802 674 1884 praefectos
698 1801 784 1882 regis
799 1833 801 1840 1
815 1801 1020 1878 versabatur,
1042 1801 1106 1864 bis-

142 1903 207 1965 que
229 1882 374 1944 omnibus
394 1881 530 1944 maximo
552 1892 622 1942 erat
643 1879 724 1938 usui.

216 1963 272 2020 .lll.
293 1960 468 2021 Defecerat
483 1979 590 2052 arege
605 1956 851 2036 Tissaphernes,
870 1977 910 2019 ne
936 1978 975 2018 ue
995 1957 1028 2016 id
1042 1969 1106 2018 tam
1130 1978 1142 2014 ι

142 2039 328 2115 Artaxerxi,
351 2060 445 2124 quam
467 2049 597 2112 ueteris,
619 2047 689 2098 erat
710 2047 865 2118 apertum.
931 2036 1006 2098 ultis
1023 2036 1106 2097 enim

141 2119 326 2202 magnisque
335 2118 462 2179 'meritis
478 2116 562 2198 apud
576 2137 704 2198 regem,
726 2115 820 2176 etiam
836 2138 937 2200 quum
950 2116 982 2180 ia
996 2113 1105 2178 officio

141 2219 205 2265 uon
228 2210 389 2271 maneret,
411 2197 546 2260 valebat.
586 2198 700 2278 Neque
723 2183 757 2256 id
779 2194 973 2270 mirandum,
996 2197 1023 2256 si
1041 2216 1106 2256 non

142 2277 236 2338 facile
257 2276 297 2336 ad
317 2275 512 2338 credendum
535 2273 773 2350 adducebatur,
794 2275 1015 2348 reminiscens,
1037 2273 1106 2336 eius

142 2377 177 2416 se
198 2376 296 2436 opera
316 2359 432 2435 Cyrum
447 2356 583 2420 fratrem
604 2373 782 2435 superasse.
813 2355 917 2414 Huius
940 2351 1107 2420 accusandi

143 2437 244 2516 gratia
259 2436 370 2494 Conon
384 2457 401 2494 a
413 2435 621 2496 Pharnabazo
639 2431 679 2492 ad
697 2453 809 2512 regem
826 2434 956 2507 missus,
977 2444 1106 2514 postea·
1127 2445 1146 2486 a

164 2534 239 2574 uam
260 2512 368 2588 venit,
388 2513 526 2593 primum
549 2535 589 2576 ex
609 2531 700 2572 more
721 2512 894 2572 Persarum
916 2511 956 2581 ad
981 2510 1107 2574 chiliar-

144 2612 252 2663 cnm,
279 2590 335 2672 qui
361 2591 535 2652 secuudum
562 2591 696 2672 gradum
724 2589 851 2669 imperii
876 2589 1023 2664 tenebat,
1044 2588 1107 2648 Ti·

134 2669 308 2730 thrausten
328 2670 476 2742 accessit,
497 2690 597 2751 seque
619 2667 757 2733 ostendit
775 2687 847 2726 cum
867 2688 945 2749 rege
964 2669 1048 2734 collo
1073 2665 1108 2726 ui

142 2749 238 2809 velle.
276 2751 378 2809 Nemo
408 2748 491 2807 enim
519 2749 585 2807 sine
612 2747 675 2808 hoc
703 2745 887 2807 admittitur.
928 2745 1013 2812 Huic
1033 2689 1146 2822 ide,s

143 2829 246 2902 nulla,
266 2827 297 2886 in
322 2827 385 2904 uit,
406 2847 497 2886 mora
518 2837 583 2902 est3
605 2825 662 2888 sed
679 2837 715 2886 tu
733 2824 894 2901 delibera,
914 2836 1025 2896 utrum
1042 2825 1108 2885 eol·

142 2906 234 2988 loqui
253 2850 359 2982 medis,
379 2927 418 2966 an
437 2925 498 2987 per
518 2905 626 2967 literas
648 2925 761 2986 agere,
782 2924 863 2987 quae
885 2889 1029 2986 cogitas)
1045 2905 1109 2962 Ne·

144 3004 234 3050 cesse
257 2996 305 3049 est
337 2985 435 3056 enim,
455 2983 482 3044 si
502 2983 534 3044 in
555 2995 760 3064 conspectum
787 2981 932 3058 veneris,
960 2981 1108 3044 venerari

144 3075 178 3124 te
198 3083 309 3148 regem
337 3063 441 3147 (quod
461 3069 642 3142 προςκυυεῑν
663 3061 710 3122 illi
728 3061 868 3142 vocant).
909 3064 982 3128 Hoc
1003 3061 1029 3126 si
1049 3057 1109 3120 tibi

167 3163 244 3204 nave
265 3155 331 3218 eat,
374 3165 411 3216 er
428 3141 598 3209 me'nihilo,
620 3141 723 3212 secius
744 3139 837 3203 editis
857 3139 1009 3206 mandatis
1034 3159 1109 3201 con·
1210 3195 1215 3200 .

144 3163 248 3298 ficies,
270 3165 372 3305 quod
379 3221 498 3284 studes.
534 3217 968 3294 '1¹umConon,mlhivero,
989 3217 1145 3304 inquit,l,

145 3319 209 3362 non
231 3312 281 3361 est
301 3323 416 3384 grave,
445 3301 590 3384 ‹premvis
617 3299 775 3360 honorem
796 3297 916 3359 habere
936 3298 1024 3380 regi3
1049 3296 1108 3357 sed

145 3381 281 3456 vereor,
302 3403 342 3442 ne
359 3380 478 3442 civitati
497 3400 588 3440 meae
609 3379 651 3439 sit
672 3377 867 3470 opprobrio,
889 3377 931 3450 si,
953 3397 1053 3460 quum
1068 3395 1108 3436 ex

147 3480 185 3520 ea
213 3459 273 3521 aim
300 3460 488 3545 profectus,
517 3479 599 3547 quae
627 3469 745 3522 ceteru
773 3456 921 3540 gentibus
948 3455 1107 3536 imperare
