2564 3872
387 385 506 452 XXV.
532 405 677 456 trrrcus.
700 385 729 450 6.
750 407 779 467 7.
800 387 830 448 8.
1040 391 1096 462 ms

137 570 232 685 qudam
265 567 333 610 eam
364 545 489 622 oflicio,
524 569 587 614 non
612 547 724 622 ,timori
755 564 861 628 neque
893 542 962 626 spei
996 543 1096 614 tribui

136 627 292 688 vi'erent.

138 717 140 722 ’
213 707 282 770 VII.
313 705 425 766 incidit
456 705 676 767 Caesarianum
708 702 801 764 civile
831 694 967 778 bellum,
996 721 1095 798 quum

135 785 271 846 haberet
290 805 386 845 annos
408 784 536 843 circiter
556 784 726 864 sexaginta.
747 783 829 842 Usus
849 795 898 852 est
911 793 1021 844 aetatis
1041 778 1095 847 ναξ

134 865 276 942 catione,
301 884 406 945 neque
429 883 462 922 se
485 859 515 941 9)
533 883 694 945 quoquam
709 862 809 920 movit
823 882 863 920 ex
884 859 975 923 urbe.
1002 861 1094 950 Quae

133 943 241 1004 amicis
267 942 331 1002 suis
356 963 435 1023 opus
461 941 590 1002 suerent
615 941 655 1006 ad
678 939 868 1022 Pompeium
892 939 1094 1020 proficiscen·
1129 997 1131 1004 ,

133 1021 229 1098 tibus,
251 1021 355 1084 omnia
377 1042 415 1082 ex
437 1043 493 1082 sua
508 1041 544 1082 re
566 1019 720 1088 familiari,
736 1018 832 1078 dedit.
856 1021 980 1103 ,Ipsum
999 1022 1094 1085 Pom·
1116 1037 1133 1078 a

132 1101 241 1184 peium
256 1101 457 1162 coniunctum
479 1121 542 1160 non
558 1099 710 1162 ostendit:
732 1097 852 1158 nullum
873 1097 985 1184 [enim]
1005 1100 1032 1180 ¹)
1056 1101 1094 1160 ab

134 1201 175 1241 eo
199 1179 337 1241 habebat
365 1192 604 1256 ornamentum,
633 1191 670 1240 ut
696 1177 816 1254 ceteri,
849 1177 905 1259 qui
931 1198 992 1258 per
1020 1199 1094 1240 eum

132 1271 189 1320 aut.
211 1261 368 1337 honores,
394 1271 449 1318 aut
472 1259 595 1322 divitias
623 1267 774 1338 ceperant
782 1278 792 1334 3
818 1275 955 1340 quorum
977 1259 1093 1339 partim

132 1337 306 1400 invitissimi
340 1350 442 1400 castra
475 1350 552 1400 sunt.
581 1337 698 1414 secuti,
726 1337 841 1418 partim
870 1357 991 1405 summa
1020 1350 1094 1406 'cunr

132 1419 199 1478 eius
238 1418 417 1480 offensione
455 1415 541 1482 domi
576 1427 806 1480 remanserunt.
846 1415 947 1476 Attici
986 1420 1132 1482 autenti

132 1497 222 1581 quies
243 1509 413 1578 tantopere
438 1498 564 1560 Caesari
584 1498 645 1559 fuit
665 1507 772 1580 grata,
794 1505 845 1572 ut,
867 1495 1094 1578 victor's'quum

130 1577 262 1658 privatis
284 1578 433 1656 pecunias
454 1597 514 1658 per
539 1577 687 1658 epistolas
708 1577 899 1668 imperaret,
930 1573 1005 1636 huic
1028 1597 1098 1638 nou.

130 1655 234 1716 solum
253 1656 405 1716 molestus
427 1677 490 1718 non
511 1653 632 1724 suerit„
647 1655 705 1713 sed
726 1665 819 1714 etram
850 1655 971 1720 sororis
992 1652 1093 1720 lilium¹

131 1747 164 1794 et
185 1731 216 1812 ²)
241 1733 281 1823 Q.
303 1733 492 1796 Ciceronem
514 1752 554 1796 ex
573 1732 721 1827 Pompeii
748 1732 856 1795 castris
872 1734 1098 1814 concesserit.

130 1812 184 1880 Sic
205 1825 317 1874 vetere
339 1810 483 1872 instituto
504 1813 589 1876 vitae
610 1811 725 1892 effugit
748 1831 830 1872 nova
852 1797 1005 1889 pericula.
1093 1885 1095 1890 Ι

210 1891 292 1954 VIII.
314 1891 465 1952 Secutum
491 1903 539 1952 cst
560 1891 656 1951 illud:
688 1889 795 1950 occiso
816 1891 971 1964 Caesare,
992 1907 1089 1972 quum
1105 1913 1128 1948 ,ι

130 1970 272 2051 respubl.
293 1990 391 2063 penes
408 1974 528 2033 Brutos
552 1970 587 2049 3)-
604 1969 772 2034 videretur
793 1988 863 2032 esse
887 1980 920 2028 et
941 1967 1093 2041 cassium,

130 2069 167 2112 ac
191 2059 258 2112 tota
282 2049 392 2111 civitas
417 2071 452 2110 se
476 2049 516 2110 ad
540 2069 596 2111 eos
620 2047 651 2128 l¹)
678 2047 876 2114 convertisse
884 2109 886 2112 ,
900 2047 946 2127 ⁵):
979 2047 1025 2114 sic
1049 2048 1090 2116 M.
1113 2064 1136 2122 α,

129 2133 233 2190 Bruto
255 2150 331 2189 usus
355 2141 419 2206 est,
440 2143 476 2190 ut
489 2129 578 2192 nullo
593 2128 647 2189 ille
662 2127 847 2188 adolescens
861 2127 985 2215 aequali
999 2125 1090 2188 fami-

129 2209 250 2276 liarius,
273 2230 367 2292 quam
389 2209 453 2270 hoc
475 2228 561 2284 sene,
578 2228 685 2292 neque
706 2207 809 2268 solum
825 2227 897 2267 eum
913 2206 1097 2289 principem

130 2287 252 2349 consilii
271 2287 421 2366 haberet,
445 2283 502 2349 sed
524 2288 619 2350 etiam
639 2289 671 2348 in
686 2287 844 2348 convictu.
865 2287 1090 2370 Excogitatum
1111 2286 1129 2349 3

130 2379 185 2430 est
203 2389 219 2426 a
240 2368 445 2450 quibusdam,
466 2380 502 2432 ut
519 2367 684 2461 privatum
704 2367 858 2431 aerarium
883 2367 1025 2436 Caesaris
1045 2365 1090 2438 iu·

129 2446 355 2507 terfectoribus
384 2449 422 2508 ab
452 2447 610 2530 equitibus
638 2451 732 2508 Rom.
754 2447 1012 2508 constitueretur.
1054 2445 1095 2504 ld.

129 2522 223 2585 facile
238 2522 324 2584 effici
339 2547 434 2604 posse
456 2525 598 2586 arbitrati
619 2539 707 2599 sunt,
729 2527 755 2585 si
776 2538 809 2585 et
828 2525 989 2606 principes
1004 2523 1090 2584 illius

130 2603 249 2666 ordinis
273 2604 422 2683 pecunias
448 2604 664 2680 contulissent.
704 2605 814 2684 Itaque
836 2605 1013 2682 appellatus
1041 2612 1092 2664 est
1132 2641 1136 2650 ·

130 2704 148 2741 a
176 2685 210 2744 C.
237 2681 373 2758 Flavio,
397 2681 496 2744 Bruti
518 2679 681 2753 familiam,
712 2681 855 2755 Asinus,
881 2693 919 2745 ut
945 2683 1013 2742 cius
1040 2679 1090 2744 rei
1134 2679 1139 2686 ’

129 2760 278 2843 princeps
314 2779 385 2821 csse
413 2761 522 2822 tollet.
570 2760 613 2820 At
649 2759 719 2833 ille,
750 2759 806 2842 qui
838 2757 948 2821 officia
984 2758 1130 2836 amisisti

128 2839 324 2922 praestanda.
347 2841 414 2902 sine
441 2837 581 2906 factione
610 2837 821 2916 existimaret,
849 2857 1043 2920 semperque
1070 2858 1095 2904 a.

180 3049 209 3118 9)
226 3051 305 3107 Bard.
324 3054 358 3102 al.
377 3053 543 3102 incluserunt
557 3069 598 3112 se,
615 3057 642 3100 at
657 3051 692 3102 cl.
711 3049 812 3102 Giinth.
830 3079 863 3089 -
884 3048 909 3115 r)
930 3049 997 3101 enam
1014 3045 1090 3101 aben
1133 3068 1138 3080 ·

130 3132 144 3166 a
163 3119 255 3182 codd,
265 3117 359 3169 Lamb.
378 3120 557 3170 emendationi
576 3117 740 3169 debetur.-
754 3119 782 3186 a)
807 3129 833 3168 et
851 3119 983 3170 omittitur
1000 3117 1028 3167 in
1044 3116 1088 3169 ed.

129 3187 234 3256 princ,
253 3187 345 3240 Lamh.
363 3189 472 3237 sororis
491 3197 517 3236 et
536 3190 569 3253 Q.
592 3187 733 3240 Ciceronis
742 3187 852 3260 filium.
870 3186 904 3239 cl.
923 3186 1001 3238 sard.

181 3252 208 3320 3)
229 3253 289 3314 cod,
302 3251 393 3311 Mend.
412 3264 439 3306 et
457 3253 522 3322 qdd.
539 3263 601 3308 vett.
621 3252 682 3306 edd'.
695 3257 819 3306 Brutum.
837 3251 916 3372 754)
934 3251 1034 3304 Dachn.
1054 3251 1087 3302 al.

129 3319 169 3370 ad
192 3339 267 3385 eum,
293 3325 350 3374 scil.
369 3325 496 3373 Atticum.
522 3352 555 3364 -
583 3323 610 3392 5)
635 3325 714 3388 vulgo
734 3324 841 3374 additur
860 3323 892 3373 vi
911 3335 1024 3383 eretum·
1043 3317 1086 3370 alii

130 3389 228 3438 omisso
254 3389 335 3442 verbo
359 3390 505 3442 videretur
528 3391 671 3444 ediderunt
690 3391 872 3442 convertisset
894 3397 987 3442 contro
1005 3387 1085 3440 codd.

129 3458 321 3510 auctoritatem.
