2564 3872
182 397 238 470 aih
434 457 440 467 ,
494 391 563 454 XXt
584 400 771 470 alticoma:
791 411 815 450 1.
836 409 838 414 ·

385 623 387 630 .
611 568 693 640 rna¹

356 687 360 696 '
457 667 976 784 sinoncort..=
1054 673 1064 774 J

427 989 429 996 ,
502 917 781 1000 ΆιῑῡσΜΕΝΤυΜ.

182 1096 186 1102 ’
221 1091 287 1156 Cap.
305 1087 326 1136 1.
346 1083 490 1134 Timoleon
508 1081 541 1130 ad
557 1085 669 1148 patriam
686 1079 826 1148 tyrannide
839 1079 1005 1129 liberandam
1024 1081 1134 1129 iratrem

175 1169 310 1225 tyrannum
331 1150 543 1200 interficiendum
563 1158 647 1199 curat.
666 1175 700 1188 -
717 1149 750 1195 11.
771 1148 940 1212 Syracusanis
955 1149 1053 1197 auxilio
1070 1151 1133 1196 inis-

173 1243 214 1274 sus
235 1221 296 1289 (345
317 1235 339 1266 a.
358 1216 450 1281 Chr),
473 1217 627 1281 Dionysium
646 1216 727 1265 vincit
745 1212 816 1280 (343.
836 1230 859 1262 a.
879 1213 955 1275 Chr.)
976 1223 1001 1263 et
1020 1215 1133 1264 Cartha·

143 1307 148 1320 “
173 1293 303 1357 ginienses
321 1291 378 1357 toja
396 1283 488 1331 Sicilia
512 1284 621 1348 expellit
640 1282 703 1349 (339
721 1297 744 1328 a.
764 1280 840 1347 Chr.)
868 1309 900 1316 -
930 1281 975 1328 ill.
995 1283 1133 1331 Libertate

173 1361 398 1424 Syracusanorum
418 1351 548 1410 restituta,
560 1351 676 1414 priuatus
685 1349 819 1414 Syracusis
843 1349 911 1396 vivit.
930 1377 961 1388 -
980 1348 1026 1397 IV.
1037 1350 1131 1399 Oculis

173 1433 265 1492 captus
285 1417 450 1484 reipublicae
469 1417 595 1464 inservire
611 1433 666 1465 non
685 1415 795 1465 desistit.
812 1415 965 1482 ‚Modestiae
984 1423 1011 1462 et
1026 1417 1133 1481 pietatis

175 1483 304 1557 exempla.
324 1514 356 1524 —
376 1483 408 1532 V.
425 1483 585 1530 iniuriarum
603 1485 707 1547 patiens
723 1483 837 1534 moritur
855 1498 914 1532 ann.
935 1483 983 1545 337
1004 1497 1027 1530 a.
1047 1481 1109 1529 Chr.

178 1635 180 1642 '
252 1633 274 1688 l.
309 1632 505 1698 Tiuonnou,
536 1625 725 1687 Corinthius.
766 1625 840 1684 Sine
872 1625 970 1697 dubio
999 1645 1146 1706 magnus*

81 1721 84 1724 ’
138 1709 326 1788 ‚omnium
341 1705 458 1763 iudicio
486 1703 538 1765 hic
563 1705 612 1766 vir
639 1705 765 1766 exstitit.
806 1705 949 1786 Namque
980 1703 1053 1762 huic
1076 1704 1131 1762 uni

147 1803 150 1808 '
173 1787 324 1868 contigit,
351 1783 439 1865 quod
460 1785 567 1844 nescio
590 1805 629 1842 an
649 1784 707 1843 ulli
731 1777 781 1860 8),
812 1795 847 1842 ut
868 1796 901 1842 et
919 1783 1072 1863 patriam,
1098 1783 1131 1840 in

196 1889 236 1927 ua
257 1873 325 1927 erat
346 1873 447 1935 natus,
469 1881 655 1942 oppressam
677 1884 694 1921 a
715 1873 846 1940 tyranno
867 1861 1132 1936 lihe1·aret,ot·a

172 1892 350 2026 iyraeusis,
406 1941 498 1999 uibus
523 1941 638 2001 auxilio
668 1951 737 2000 erat
767 1940 895 2014 missus,
922 1941 1132 2016 inveteratam

172 2025 359 2102 servitutem
384 1962 591 2099 depelleret,
624 2030 802 2100 totamque,
827 2017 981 2092 Siciliam,
1013 2019 1139 2080 multos

144 2153 147 2158 .
171 2105 274 2162 annos
294 2099 381 2158 bello
406 2109 550 2156 vexatam
574 2120 591 2156 a
611 2097 818 2180 barbarisque
847 2118 866 2159 o
890 2107 1049 2176 pressam,
1071 2119 1129 2158 suo

132 2184 149 2245 'a
173 2174 310 2240 adventu
335 2177 367 2233 in
388 2175 553 2254 pristinum
581 2176 777 2236 restitueret.
818 2118 889 2234 Sed
905 2175 936 2233 in
963 2175 1011 2235 his
1032 2176 1130 2235 rebus

169 2279 232 2320 non
256 2251 391 2332 simplici
418 2251 546 2312 fortuna
575 2251 774 2314 conflictatus
805 2266 870 2328 est,
902 2265 952 2330 et,
979 2255 1013 2314 id
1064 2256 1129 2314 uod

172 2333 336 2405 difficilius
355 2341 502 2409 putatur,
530 2331 630 2390 multo
656 2332 825 2412 sapientius
846 2331 919 2391 tulit
941 2275 1131 2408 secundam,

128 2417 263 2500 3qu
292 2409 458 2468 adversam
487 2405 657 2468 fortunam.
699 2413 776 2470 Nam
806 2431 904 2493 quum
927 2411 1029 2471 irater
1060 2413 1130 2490 eius

138 2543 140 2551 ,
170 2489 400 2570 Timophanes,
428 2485 492 2544 dux
513 2506 530 2544 a
553 2487 723 2548 Corinthiis
743 2489 903 2566 delectus,
931 2491 1129 2569 tyrannidem

137 2581 138 2586 ’
169 2593 229 2654 pel·
255 2567 374 2635 milites
410 2567 623 2630 mercenarios
665 2581 870 2660 occupasset,
905 2563 1131 2651 particepsque
1183 2607 1186 2610 -

170 2649 261 2732 regni
281 2657 391 2727 posset
411 2663 497 2707 esse:
523 2651 643 2707 tantum
665 2645 767 2706 abfuit
782 2670 798 2706 a
814 2648 966 2707 societate
988 2649 1129 2728 sceleris,

40 2761 42 2768 ¹
127 2765 128 2768 ¹
171 2743 208 2790 ut
222 2725 405 2788 antetulerit
418 2745 550 2783 suorum
566 2725 682 2785 civium
696 2725 878 2786 libertatem
894 2723 1004 2786 fratris
1019 2727 1129 2803 saluti,

171 2821 204 2870 et
222 2824 339 2888 parere
354 2802 497 2884 legibus,
517 2823 611 2884 quam
634 2802 793 2884 imperare
811 2805 951 2886 patriae,
973 2805 1069 2864 satius
1094 2799 1127 2884 9)

129 2901 149 2964 4
171 2885 305 2958 duxerit,
332 2886 401 2946 Hac
421 2893 535 2948 mente¹
550 2887 610 2961 per
624 2881 841 2965 haruspicem,
863 2905 1129 2968 communemque

170 2962 316 3038 affinem,
337 2961 389 3019 cui
401 2957 512 3035 soror,
530 2980 569 3018 ex
584 2961 703 3020 eisdem
723 2963 906 3042 parentibus
915 2955 1008 3038 nata,
1026 2977 1127 3045 nupta

170 3055 255 3119 erat,
274 3040 409 3100 fratrem
433 3050 598 3118 tyrannum
622 3039 874 3106 interficiendum
896 3043 1029 3104 curavit.
1055 3045 1127 3124 lpse

170 3131 239 3204 nor(
255 3117 351 3180 modo
374 3137 482 3176 manus
505 3129 569 3178 non
589 3119 710 3198 attulit,
733 3121 791 3182 sed
811 3141 851 3186 ne
872 3121 1039 3200 adspicere
1060 3124 1128 3204 qui-

143 3257 145 3259 ,
206 3252 208 3256 .

218 3330 246 3397 8)
265 3331 302 3378 ita
319 3343 411 3378 omnes
431 3324 558 3393 codices}
578 3345 609 3378 ex
629 3325 817 3380 emendatione
835 3329 958 3381 Lambini
982 3339 1043 3381 ante
1061 3331 1125 3380 Bar·

169 3401 263 3450 dilium
281 3397 375 3461 vulgo:
403 3413 441 3447 ara
461 3395 538 3444 nulli.
564 3395 597 3444 cs.
623 3395 724 3446 Ilaehu.
749 3423 783 3436 --
813 3394 841 3464 9)
869 3397 932 3448 cod.
952 3398 1029 3448 Voss.
1046 3399 1079 3448 A.
1099 3407 1127 3449 et

168 3464 314 3519 nonnullae
332 3470 395 3516 vett.
413 3461 476 3513 edd.
494 3461 625 3527 sanctius,
