<?xml version="1.0" encoding="UTF-8"?>
<!DOCTYPE html PUBLIC "-//W3C//DTD XHTML 1.0 Transitional//EN"
    "http://www.w3.org/TR/xhtml1/DTD/xhtml1-transitional.dtd">
<html xmlns="http://www.w3.org/1999/xhtml" xml:lang="en" lang="en">
 <head>
  <title>
</title>
<meta http-equiv="Content-Type" content="text/html;charset=utf-8" />
  <meta name='ocr-system' content='tesseract 3.04.00' />
  <meta name='ocr-capabilities' content='ocr_page ocr_carea ocr_par ocr_line ocrx_word'/>
</head>
<body>
  <div class='ocr_page' id='page_1' title='image "./quaeexstantadop00nepogoog_0140.png"; bbox 0 0 2564 3872; ppageno 0'>
   <div class='ocr_carea' id='block_1_1' title="bbox 143 387 855 458">
    <p class='ocr_par' dir='ltr' id='par_1_1' title="bbox 143 387 855 458">
     <span class='ocr_line' id='line_1_1' title="bbox 143 387 855 458; baseline -0.015 -4"><span class='ocrx_word' id='word_1_1' title='bbox 143 394 197 458; x_wconf 71' lang='lat'><strong>13¹2</strong></span> <span class='ocrx_word' id='word_1_2' title='bbox 397 387 508 448; x_wconf 83' lang='lat' dir='ltr'><strong>lllllll.</strong></span> <span class='ocrx_word' id='word_1_3' title='bbox 529 401 712 447; x_wconf 70' lang='lat' dir='ltr'><strong>saansaan.</strong></span> <span class='ocrx_word' id='word_1_4' title='bbox 738 405 785 448; x_wconf 89' lang='grc' dir='ltr'><strong>ιο.</strong></span> <span class='ocrx_word' id='word_1_5' title='bbox 811 407 855 446; x_wconf 89' lang='grc' dir='ltr'><strong>ιι.</strong></span> 
     </span>
    </p>
   </div>
   <div class='ocr_carea' id='block_1_2' title="bbox 34 541 1156 1189">
    <p class='ocr_par' dir='ltr' id='par_1_2' title="bbox 34 541 1156 1189">
     <span class='ocr_line' id='line_1_2' title="bbox 138 541 1102 634; baseline -0.006 -22"><span class='ocrx_word' id='word_1_6' title='bbox 138 566 246 634; x_wconf 85' lang='lat' dir='ltr'><strong>nequo</strong></span> <span class='ocrx_word' id='word_1_7' title='bbox 263 545 349 608; x_wconf 85' lang='lat' dir='ltr'><strong>aliud</strong></span> <span class='ocrx_word' id='word_1_8' title='bbox 369 543 543 628; x_wconf 75' lang='lat' dir='ltr'><strong>quidquam</strong></span> <span class='ocrx_word' id='word_1_9' title='bbox 558 541 625 624; x_wconf 85' lang='lat' dir='ltr'><strong>egit</strong></span> <span class='ocrx_word' id='word_1_10' title='bbox 647 543 695 624; x_wconf 83' lang='lat'><strong>⁵),</strong></span> <span class='ocrx_word' id='word_1_11' title='bbox 722 563 816 626; x_wconf 79' lang='lat' dir='ltr'><strong>quam</strong></span> <span class='ocrx_word' id='word_1_12' title='bbox 833 563 946 628; x_wconf 82' lang='lat' dir='ltr'><strong>regem</strong></span> <span class='ocrx_word' id='word_1_13' title='bbox 967 543 1102 609; x_wconf 76' lang='lat' dir='ltr'><strong>armarit</strong></span> 
     </span>
     <span class='ocr_line' id='line_1_3' title="bbox 99 623 1101 707; baseline -0.007 -14"><span class='ocrx_word' id='word_1_14' title='bbox 99 642 173 692; x_wconf 77' lang='lat' dir='ltr'><strong>act</strong></span> <span class='ocrx_word' id='word_1_15' title='bbox 194 625 338 690; x_wconf 85' lang='lat' dir='ltr'><strong>exercuit</strong></span> <span class='ocrx_word' id='word_1_16' title='bbox 359 624 389 703; x_wconf 79' lang='lat'><strong>6)</strong></span> <span class='ocrx_word' id='word_1_17' title='bbox 414 624 566 684; x_wconf 80' lang='lat' dir='ltr'><strong>adversus</strong></span> <span class='ocrx_word' id='word_1_18' title='bbox 588 624 757 685; x_wconf 85' lang='lat' dir='ltr'><strong>Romanos.</strong></span> <span class='ocrx_word' id='word_1_19' title='bbox 798 623 906 704; x_wconf 82' lang='lat' dir='ltr'><strong>Quem</strong></span> <span class='ocrx_word' id='word_1_20' title='bbox 934 645 1033 707; x_wconf 89' lang='lat' dir='ltr'><strong>quum</strong></span> <span class='ocrx_word' id='word_1_21' title='bbox 1053 625 1101 688; x_wconf 83' lang='lat' dir='ltr'><strong>vi·</strong></span> 
     </span>
     <span class='ocr_line' id='line_1_4' title="bbox 34 700 1101 780; baseline -0.004 -12"><span class='ocrx_word' id='word_1_22' title='bbox 34 773 38 780; x_wconf 52' lang='grc'><strong>,</strong></span> <span class='ocrx_word' id='word_1_23' title='bbox 140 709 234 768; x_wconf 87' lang='lat' dir='ltr'><strong>deret</strong></span> <span class='ocrx_word' id='word_1_24' title='bbox 254 703 436 764; x_wconf 78' lang='lat' dir='ltr'>domesticis</span> <span class='ocrx_word' id='word_1_25' title='bbox 457 701 555 762; x_wconf 86' lang='lat' dir='ltr'><strong>rebus</strong></span> <span class='ocrx_word' id='word_1_26' title='bbox 576 700 677 762; x_wconf 86' lang='lat' dir='ltr'><strong>minus</strong></span> <span class='ocrx_word' id='word_1_27' title='bbox 697 722 767 763; x_wconf 87' lang='lat' dir='ltr'><strong>esse</strong></span> <span class='ocrx_word' id='word_1_28' title='bbox 785 701 972 775; x_wconf 83' lang='lat' dir='ltr'><strong>robustum,</strong></span> <span class='ocrx_word' id='word_1_29' title='bbox 994 704 1101 764; x_wconf 87' lang='lat' dir='ltr'><strong>conci-</strong></span> 
     </span>
     <span class='ocr_line' id='line_1_5' title="bbox 140 779 1102 864; baseline -0.002 -18"><span class='ocrx_word' id='word_1_30' title='bbox 140 786 238 846; x_wconf 87' lang='lat' dir='ltr'><strong>liabat</strong></span> <span class='ocrx_word' id='word_1_31' title='bbox 258 793 384 843; x_wconf 87' lang='lat' dir='ltr'><strong>ceteros</strong></span> <span class='ocrx_word' id='word_1_32' title='bbox 398 799 515 864; x_wconf 80' lang='lat' dir='ltr'><strong>reges,</strong></span> <span class='ocrx_word' id='word_1_33' title='bbox 536 779 789 864; x_wconf 83' lang='lat' dir='ltr'><strong>adiungebatque</strong></span> <span class='ocrx_word' id='word_1_34' title='bbox 811 779 980 842; x_wconf 87' lang='lat' dir='ltr'><strong>bellicosas</strong></span> <span class='ocrx_word' id='word_1_35' title='bbox 1000 782 1102 844; x_wconf 87' lang='lat' dir='ltr'><strong>natio-</strong></span> 
     </span>
     <span class='ocr_line' id='line_1_6' title="bbox 139 859 1103 941; baseline -0.004 -15"><span class='ocrx_word' id='word_1_36' title='bbox 139 884 206 926; x_wconf 84' lang='lat' dir='ltr'><strong>nes.</strong></span> <span class='ocrx_word' id='word_1_37' title='bbox 246 860 428 922; x_wconf 86' lang='lat' dir='ltr'><strong>Dissidebat</strong></span> <span class='ocrx_word' id='word_1_38' title='bbox 455 859 495 920; x_wconf 84' lang='lat' dir='ltr'><strong>ab</strong></span> <span class='ocrx_word' id='word_1_39' title='bbox 521 877 563 919; x_wconf 89' lang='lat' dir='ltr'><strong>eo</strong></span> <span class='ocrx_word' id='word_1_40' title='bbox 584 861 801 941; x_wconf 78' lang='lat' dir='ltr'><strong>Pergamenus</strong></span> <span class='ocrx_word' id='word_1_41' title='bbox 826 879 902 938; x_wconf 85' lang='lat' dir='ltr'><strong>rex,</strong></span> <span class='ocrx_word' id='word_1_42' title='bbox 928 861 1103 938; x_wconf 78' lang='lat' dir='ltr'><strong>Eumenes,</strong></span> 
     </span>
     <span class='ocr_line' id='line_1_7' title="bbox 140 937 1103 1022; baseline -0.003 -19"><span class='ocrx_word' id='word_1_43' title='bbox 140 941 290 1006; x_wconf 82' lang='lat' dir='ltr'><strong>Romanis</strong></span> <span class='ocrx_word' id='word_1_44' title='bbox 311 939 534 1014; x_wconf 80' lang='lat' dir='ltr'><strong>amicissimus,</strong></span> <span class='ocrx_word' id='word_1_45' title='bbox 554 937 739 1022; x_wconf 78' lang='lat' dir='ltr'><strong>bellumque</strong></span> <span class='ocrx_word' id='word_1_46' title='bbox 755 940 840 1000; x_wconf 89' lang='lat' dir='ltr'><strong>inter</strong></span> <span class='ocrx_word' id='word_1_47' title='bbox 857 959 913 1000; x_wconf 89' lang='lat' dir='ltr'><strong>eos</strong></span> <span class='ocrx_word' id='word_1_48' title='bbox 927 939 1103 1020; x_wconf 79' lang='lat' dir='ltr'><strong>gerebatur</strong></span> 
     </span>
     <span class='ocr_line' id='line_1_8' title="bbox 139 1017 1156 1099; baseline -0.004 -16"><span class='ocrx_word' id='word_1_49' title='bbox 139 1033 175 1083; x_wconf 86' lang='lat' dir='ltr'><strong>et</strong></span> <span class='ocrx_word' id='word_1_50' title='bbox 195 1020 274 1080; x_wconf 87' lang='lat' dir='ltr'><strong>mari</strong></span> <span class='ocrx_word' id='word_1_51' title='bbox 297 1027 330 1079; x_wconf 91' lang='lat' dir='ltr'><strong>et</strong></span> <span class='ocrx_word' id='word_1_52' title='bbox 348 1029 453 1079; x_wconf 86' lang='lat' dir='ltr'><strong>terra:</strong></span> <span class='ocrx_word' id='word_1_53' title='bbox 498 1037 541 1078; x_wconf 90' lang='lat' dir='ltr'><strong>uo</strong></span> <span class='ocrx_word' id='word_1_54' title='bbox 562 1038 612 1076; x_wconf 87' lang='lat' dir='ltr'><strong>ma</strong></span> <span class='ocrx_word' id='word_1_55' title='bbox 635 1017 660 1076; x_wconf 90' lang='lat' dir='ltr'><strong>is</strong></span> <span class='ocrx_word' id='word_1_56' title='bbox 681 1018 832 1099; x_wconf 89' lang='lat' dir='ltr'><strong>cupiebat</strong></span> <span class='ocrx_word' id='word_1_57' title='bbox 851 1037 925 1077; x_wconf 85' lang='lat' dir='ltr'><strong>eum</strong></span> <span class='ocrx_word' id='word_1_58' title='bbox 945 1018 1102 1079; x_wconf 80' lang='lat' dir='ltr'><strong>Hannibal</strong></span> <span class='ocrx_word' id='word_1_59' title='bbox 1153 1064 1156 1072; x_wconf 87' lang='lat'><strong>.</strong></span> 
     </span>
     <span class='ocr_line' id='line_1_9' title="bbox 99 1037 1102 1189; baseline -0.003 -27"><span class='ocrx_word' id='word_1_60' title='bbox 99 1105 120 1168; x_wconf 80' lang='grc'>3</span> <span class='ocrx_word' id='word_1_61' title='bbox 143 1098 291 1182; x_wconf 85' lang='lat' dir='ltr'><strong>opprimi.</strong></span> <span class='ocrx_word' id='word_1_62' title='bbox 325 1095 396 1172; x_wconf 49' lang='lat' dir='ltr'><strong>¹Sed</strong></span> <span class='ocrx_word' id='word_1_63' title='bbox 419 1108 493 1158; x_wconf 86' lang='lat' dir='ltr'><strong>utro</strong></span> <span class='ocrx_word' id='word_1_64' title='bbox 517 1097 592 1179; x_wconf 88' lang='lat' dir='ltr'><strong>ique</strong></span> <span class='ocrx_word' id='word_1_65' title='bbox 608 1037 767 1158; x_wconf 54' lang='lat' dir='ltr'><strong>{umentes</strong></span> <span class='ocrx_word' id='word_1_66' title='bbox 787 1098 860 1178; x_wconf 85' lang='lat' dir='ltr'><strong>plus</strong></span> <span class='ocrx_word' id='word_1_67' title='bbox 876 1096 1102 1189; x_wconf 76' lang='lat' dir='ltr'><strong>valebatpro-</strong></span> 
     </span>
    </p>
   </div>
   <div class='ocr_carea' id='block_1_3' title="bbox 141 1171 1192 1318">
    <p class='ocr_par' dir='ltr' id='par_1_3' title="bbox 141 1171 1192 1318">
     <span class='ocr_line' id='line_1_10' title="bbox 141 1171 1192 1318; baseline -0.003 -80"><span class='ocrx_word' id='word_1_68' title='bbox 141 1191 215 1318; x_wconf 76' lang='lat' dir='ltr'><strong>pter</strong></span> <span class='ocrx_word' id='word_1_69' title='bbox 243 1179 462 1238; x_wconf 86' lang='lat' dir='ltr'><strong>Romanorum</strong></span> <span class='ocrx_word' id='word_1_70' title='bbox 490 1175 694 1251; x_wconf 87' lang='lat' dir='ltr'><strong>societatem,</strong></span> <span class='ocrx_word' id='word_1_71' title='bbox 743 1195 817 1236; x_wconf 90' lang='lat' dir='ltr'><strong>uem</strong></span> <span class='ocrx_word' id='word_1_72' title='bbox 845 1174 872 1236; x_wconf 90' lang='lat' dir='ltr'><strong>si</strong></span> <span class='ocrx_word' id='word_1_73' title='bbox 898 1187 1101 1248; x_wconf 75' lang='lat' dir='ltr'><strong>remomsset,</strong></span> <span class='ocrx_word' id='word_1_74' title='bbox 1185 1171 1192 1182; x_wconf 82' lang='lat'>&#39;</span> 
     </span>
    </p>
   </div>
   <div class='ocr_carea' id='block_1_4' title="bbox 86 1252 1105 2678">
    <p class='ocr_par' dir='ltr' id='par_1_4' title="bbox 86 1252 1105 2678">
     <span class='ocr_line' id='line_1_11' title="bbox 157 1252 1103 1318; baseline -0.005 1"><span class='ocrx_word' id='word_1_75' title='bbox 157 1255 285 1318; x_wconf 88' lang='lat' dir='ltr'><strong>aciliora</strong></span> <span class='ocrx_word' id='word_1_76' title='bbox 306 1253 367 1315; x_wconf 92' lang='lat' dir='ltr'><strong>sibi</strong></span> <span class='ocrx_word' id='word_1_77' title='bbox 391 1266 501 1316; x_wconf 83' lang='lat' dir='ltr'><strong>cetera</strong></span> <span class='ocrx_word' id='word_1_78' title='bbox 521 1252 595 1314; x_wconf 81' lang='lat' dir='ltr'><strong>fore</strong></span> <span class='ocrx_word' id='word_1_79' title='bbox 616 1253 734 1314; x_wconf 81' lang='lat' dir='ltr'><strong>arbitra</strong></span> <span class='ocrx_word' id='word_1_80' title='bbox 758 1263 840 1315; x_wconf 86' lang='lat' dir='ltr'><strong>atur.</strong></span> <span class='ocrx_word' id='word_1_81' title='bbox 879 1253 932 1314; x_wconf 84' lang='lat' dir='ltr'><strong>Ad</strong></span> <span class='ocrx_word' id='word_1_82' title='bbox 951 1253 1036 1316; x_wconf 90' lang='lat' dir='ltr'><strong>hunc</strong></span> <span class='ocrx_word' id='word_1_83' title='bbox 1055 1255 1103 1314; x_wconf 89' lang='lat' dir='ltr'><strong>in·</strong></span> 
     </span>
     <span class='ocr_line' id='line_1_12' title="bbox 100 1332 1104 1414; baseline -0.003 -17"><span class='ocrx_word' id='word_1_84' title='bbox 100 1333 363 1414; x_wconf 62' lang='lat' dir='ltr'><strong>tteriiciendum</strong></span> <span class='ocrx_word' id='word_1_85' title='bbox 381 1335 479 1396; x_wconf 86' lang='lat' dir='ltr'><strong>talem</strong></span> <span class='ocrx_word' id='word_1_86' title='bbox 500 1332 569 1391; x_wconf 80' lang='lat' dir='ltr'><strong>iniit</strong></span> <span class='ocrx_word' id='word_1_87' title='bbox 586 1332 753 1394; x_wconf 85' lang='lat' dir='ltr'><strong>rationem.</strong></span> <span class='ocrx_word' id='word_1_88' title='bbox 779 1333 886 1394; x_wconf 81' lang='lat' dir='ltr'><strong>Classe</strong></span> <span class='ocrx_word' id='word_1_89' title='bbox 905 1333 1014 1414; x_wconf 87' lang='lat' dir='ltr'><strong>paucis</strong></span> <span class='ocrx_word' id='word_1_90' title='bbox 1035 1332 1104 1394; x_wconf 88' lang='lat' dir='ltr'><strong>die·</strong></span> 
     </span>
     <span class='ocr_line' id='line_1_13' title="bbox 141 1407 1103 1477; baseline -0.002 -3"><span class='ocrx_word' id='word_1_91' title='bbox 141 1415 201 1475; x_wconf 90' lang='lat' dir='ltr'><strong>bus</strong></span> <span class='ocrx_word' id='word_1_92' title='bbox 226 1425 316 1474; x_wconf 85' lang='lat' dir='ltr'><strong>erant</strong></span> <span class='ocrx_word' id='word_1_93' title='bbox 338 1407 510 1474; x_wconf 78' lang='lat' dir='ltr'><strong>decreturi.</strong></span> <span class='ocrx_word' id='word_1_94' title='bbox 542 1411 563 1470; x_wconf 89' lang='lat' dir='ltr'>S</span> <span class='ocrx_word' id='word_1_95' title='bbox 612 1411 761 1471; x_wconf 85' lang='lat' dir='ltr'><strong>orabatur</strong></span> <span class='ocrx_word' id='word_1_96' title='bbox 773 1413 905 1477; x_wconf 76' lang='lat' dir='ltr'><strong>&#39;navium</strong></span> <span class='ocrx_word' id='word_1_97' title='bbox 925 1411 1103 1472; x_wconf 87' lang='lat' dir='ltr'><strong>multitudi-</strong></span> 
     </span>
     <span class='ocr_line' id='line_1_14' title="bbox 142 1491 1102 1572; baseline -0.001 -20"><span class='ocrx_word' id='word_1_98' title='bbox 142 1515 202 1554; x_wconf 83' lang='lat' dir='ltr'><strong>ne:</strong></span> <span class='ocrx_word' id='word_1_99' title='bbox 238 1491 314 1554; x_wconf 90' lang='lat' dir='ltr'><strong>dolo</strong></span> <span class='ocrx_word' id='word_1_100' title='bbox 348 1504 417 1553; x_wconf 90' lang='lat' dir='ltr'><strong>erat</strong></span> <span class='ocrx_word' id='word_1_101' title='bbox 444 1511 573 1571; x_wconf 86' lang='lat' dir='ltr'><strong>pugnan</strong></span> <span class='ocrx_word' id='word_1_102' title='bbox 596 1511 666 1565; x_wconf 88' lang='lat' dir='ltr'><strong>um,</strong></span> <span class='ocrx_word' id='word_1_103' title='bbox 701 1507 801 1572; x_wconf 89' lang='lat' dir='ltr'><strong>quum</strong></span> <span class='ocrx_word' id='word_1_104' title='bbox 835 1510 895 1572; x_wconf 89' lang='lat' dir='ltr'><strong>par</strong></span> <span class='ocrx_word' id='word_1_105' title='bbox 922 1511 988 1554; x_wconf 86' lang='lat' dir='ltr'><strong>non</strong></span> <span class='ocrx_word' id='word_1_106' title='bbox 1016 1503 1102 1552; x_wconf 83' lang='lat' dir='ltr'><strong>esset</strong></span> 
     </span>
     <span class='ocr_line' id='line_1_15' title="bbox 143 1569 1103 1652; baseline -0.002 -20"><span class='ocrx_word' id='word_1_107' title='bbox 143 1570 247 1632; x_wconf 81' lang='lat' dir='ltr'><strong>armis.</strong></span> <span class='ocrx_word' id='word_1_108' title='bbox 288 1569 461 1651; x_wconf 81' lang='lat' dir='ltr'><strong>Imperavit</strong></span> <span class='ocrx_word' id='word_1_109' title='bbox 485 1587 579 1652; x_wconf 87' lang='lat' dir='ltr'><strong>quam</strong></span> <span class='ocrx_word' id='word_1_110' title='bbox 602 1569 753 1649; x_wconf 86' lang='lat' dir='ltr'><strong>plurimas</strong></span> <span class='ocrx_word' id='word_1_111' title='bbox 778 1583 947 1631; x_wconf 85' lang='lat' dir='ltr'><strong>venenatas</strong></span> <span class='ocrx_word' id='word_1_112' title='bbox 970 1589 1103 1650; x_wconf 86' lang='lat' dir='ltr'><strong>serpen-</strong></span> 
     </span>
     <span class='ocr_line' id='line_1_16' title="bbox 86 1645 1103 1730; baseline 0 -20"><span class='ocrx_word' id='word_1_113' title='bbox 86 1653 124 1716; x_wconf 57' lang='grc' dir='ltr'><strong><em>ὦ</em></strong></span> <span class='ocrx_word' id='word_1_114' title='bbox 142 1662 193 1710; x_wconf 83' lang='lat' dir='ltr'><strong>tes</strong></span> <span class='ocrx_word' id='word_1_115' title='bbox 208 1650 295 1711; x_wconf 81' lang='lat' dir='ltr'><strong>vivas</strong></span> <span class='ocrx_word' id='word_1_116' title='bbox 310 1649 429 1730; x_wconf 79' lang='lat' dir='ltr'><strong>colligi,</strong></span> <span class='ocrx_word' id='word_1_117' title='bbox 444 1664 562 1730; x_wconf 86' lang='lat' dir='ltr'><strong>casque</strong></span> <span class='ocrx_word' id='word_1_118' title='bbox 575 1647 608 1707; x_wconf 90' lang='lat' dir='ltr'><strong>in</strong></span> <span class='ocrx_word' id='word_1_119' title='bbox 622 1668 696 1708; x_wconf 83' lang='lat' dir='ltr'><strong>vasa</strong></span> <span class='ocrx_word' id='word_1_120' title='bbox 710 1645 817 1708; x_wconf 88' lang='lat' dir='ltr'><strong>fictilia</strong></span> <span class='ocrx_word' id='word_1_121' title='bbox 831 1649 954 1710; x_wconf 90' lang='lat' dir='ltr'><strong>coniici.</strong></span> <span class='ocrx_word' id='word_1_122' title='bbox 978 1650 1103 1710; x_wconf 86' lang='lat' dir='ltr'><strong>Harum</strong></span> 
     </span>
     <span class='ocr_line' id='line_1_17' title="bbox 142 1727 1103 1813; baseline 0 -25"><span class='ocrx_word' id='word_1_123' title='bbox 142 1750 241 1813; x_wconf 90' lang='lat' dir='ltr'><strong>quum</strong></span> <span class='ocrx_word' id='word_1_124' title='bbox 266 1727 456 1789; x_wconf 84' lang='lat' dir='ltr'><strong>confecisset</strong></span> <span class='ocrx_word' id='word_1_125' title='bbox 481 1746 626 1808; x_wconf 88' lang='lat' dir='ltr'><strong>magnam</strong></span> <span class='ocrx_word' id='word_1_126' title='bbox 653 1727 903 1803; x_wconf 84' lang='lat' dir='ltr'><strong>multitudinem,</strong></span> <span class='ocrx_word' id='word_1_127' title='bbox 934 1727 986 1788; x_wconf 91' lang='lat' dir='ltr'><strong>die</strong></span> <span class='ocrx_word' id='word_1_128' title='bbox 1012 1727 1103 1808; x_wconf 91' lang='lat' dir='ltr'><strong>ipso,</strong></span> 
     </span>
     <span class='ocr_line' id='line_1_18' title="bbox 141 1806 1103 1891; baseline -0.003 -20"><span class='ocrx_word' id='word_1_129' title='bbox 141 1829 209 1891; x_wconf 85' lang='lat' dir='ltr'><strong>quo</strong></span> <span class='ocrx_word' id='word_1_130' title='bbox 230 1806 374 1868; x_wconf 84' lang='lat' dir='ltr'><strong>facturus</strong></span> <span class='ocrx_word' id='word_1_131' title='bbox 397 1806 600 1868; x_wconf 67' lang='lat' dir='ltr'><strong>erat‘navale</strong></span> <span class='ocrx_word' id='word_1_132' title='bbox 619 1806 796 1887; x_wconf 85' lang='lat' dir='ltr'><strong>proelium,</strong></span> <span class='ocrx_word' id='word_1_133' title='bbox 825 1806 1003 1867; x_wconf 86' lang='lat' dir='ltr'><strong>classiarios</strong></span> <span class='ocrx_word' id='word_1_134' title='bbox 1028 1826 1103 1868; x_wconf 91' lang='lat' dir='ltr'><strong>con·</strong></span> 
     </span>
     <span class='ocr_line' id='line_1_19' title="bbox 142 1884 1104 1970; baseline -0.002 -21"><span class='ocrx_word' id='word_1_135' title='bbox 142 1899 253 1964; x_wconf 75' lang='lat' dir='ltr'><strong>vocat,</strong></span> <span class='ocrx_word' id='word_1_136' title='bbox 272 1886 385 1970; x_wconf 86' lang='lat' dir='ltr'><strong>bisque</strong></span> <span class='ocrx_word' id='word_1_137' title='bbox 405 1884 574 1966; x_wconf 78' lang='lat' dir='ltr'><strong>praecipit,</strong></span> <span class='ocrx_word' id='word_1_138' title='bbox 598 1904 707 1944; x_wconf 90' lang='lat' dir='ltr'><strong>omnes</strong></span> <span class='ocrx_word' id='word_1_139' title='bbox 727 1898 764 1944; x_wconf 92' lang='lat' dir='ltr'><strong>ut</strong></span> <span class='ocrx_word' id='word_1_140' title='bbox 784 1885 816 1944; x_wconf 88' lang='lat' dir='ltr'><strong>in</strong></span> <span class='ocrx_word' id='word_1_141' title='bbox 834 1906 930 1944; x_wconf 90' lang='lat' dir='ltr'><strong>unam</strong></span> <span class='ocrx_word' id='word_1_142' title='bbox 953 1885 1104 1947; x_wconf 85' lang='lat' dir='ltr'><strong>Eumenis</strong></span> 
     </span>
     <span class='ocr_line' id='line_1_20' title="bbox 142 1963 1103 2049; baseline -0.001 -23"><span class='ocrx_word' id='word_1_143' title='bbox 142 1967 228 2049; x_wconf 86' lang='lat' dir='ltr'><strong>regis</strong></span> <span class='ocrx_word' id='word_1_144' title='bbox 246 1977 445 2027; x_wconf 78' lang='lat' dir='ltr'><strong>concurrant</strong></span> <span class='ocrx_word' id='word_1_145' title='bbox 458 1984 598 2040; x_wconf 75' lang='lat' dir='ltr'><strong>,nevem,</strong></span> <span class='ocrx_word' id='word_1_146' title='bbox 626 1985 644 2022; x_wconf 87' lang='lat' dir='ltr'><strong>a</strong></span> <span class='ocrx_word' id='word_1_147' title='bbox 665 1965 782 2024; x_wconf 86' lang='lat' dir='ltr'><strong>ceteris</strong></span> <span class='ocrx_word' id='word_1_148' title='bbox 811 1975 934 2024; x_wconf 89' lang='lat' dir='ltr'><strong>tantum</strong></span> <span class='ocrx_word' id='word_1_149' title='bbox 955 1965 1028 2024; x_wconf 84' lang='lat' dir='ltr'><strong>satis</strong></span> <span class='ocrx_word' id='word_1_150' title='bbox 1041 1963 1103 2025; x_wconf 83' lang='lat' dir='ltr'><strong>ba-</strong></span> 
     </span>
     <span class='ocr_line' id='line_1_21' title="bbox 143 2041 1104 2123; baseline -0.002 -17"><span class='ocrx_word' id='word_1_151' title='bbox 143 2046 239 2106; x_wconf 85' lang='lat' dir='ltr'><strong>beant</strong></span> <span class='ocrx_word' id='word_1_152' title='bbox 259 2065 294 2106; x_wconf 88' lang='lat' dir='ltr'><strong>se</strong></span> <span class='ocrx_word' id='word_1_153' title='bbox 315 2043 501 2104; x_wconf 84' lang='lat' dir='ltr'><strong>defendere.</strong></span> <span class='ocrx_word' id='word_1_154' title='bbox 542 2042 578 2102; x_wconf 93' lang='lat' dir='ltr'><strong>ld</strong></span> <span class='ocrx_word' id='word_1_155' title='bbox 598 2041 693 2102; x_wconf 87' lang='lat' dir='ltr'><strong>facile</strong></span> <span class='ocrx_word' id='word_1_156' title='bbox 713 2043 785 2103; x_wconf 92' lang='lat' dir='ltr'><strong>illos</strong></span> <span class='ocrx_word' id='word_1_157' title='bbox 806 2043 1004 2123; x_wconf 86' lang='lat' dir='ltr'><strong>serpentium</strong></span> <span class='ocrx_word' id='word_1_158' title='bbox 1024 2045 1104 2104; x_wconf 93' lang='lat' dir='ltr'><strong>mul-</strong></span> 
     </span>
     <span class='ocr_line' id='line_1_22' title="bbox 103 2118 1103 2205; baseline 0.002 -22"><span class='ocrx_word' id='word_1_159' title='bbox 103 2123 279 2190; x_wconf 77' lang='lat' dir='ltr'><strong>btitudine</strong></span> <span class='ocrx_word' id='word_1_160' title='bbox 310 2133 549 2184; x_wconf 85' lang='lat' dir='ltr'><strong>consecuturos.</strong></span> <span class='ocrx_word' id='word_1_161' title='bbox 590 2123 661 2181; x_wconf 85' lang='lat' dir='ltr'><strong>Rex</strong></span> <span class='ocrx_word' id='word_1_162' title='bbox 690 2133 796 2182; x_wconf 87' lang='lat' dir='ltr'><strong>autem</strong></span> <span class='ocrx_word' id='word_1_163' title='bbox 818 2121 850 2180; x_wconf 89' lang='lat' dir='ltr'><strong>in</strong></span> <span class='ocrx_word' id='word_1_164' title='bbox 878 2118 907 2200; x_wconf 73' lang='grc'><strong>7)</strong></span> <span class='ocrx_word' id='word_1_165' title='bbox 936 2143 998 2205; x_wconf 86' lang='lat' dir='ltr'><strong>qua</strong></span> <span class='ocrx_word' id='word_1_166' title='bbox 1022 2119 1103 2185; x_wconf 75' lang='lat' dir='ltr'><strong>navo</strong></span> 
     </span>
     <span class='ocr_line' id='line_1_23' title="bbox 144 2201 1105 2293; baseline -0.001 -31"><span class='ocrx_word' id='word_1_167' title='bbox 144 2201 335 2279; x_wconf 82' lang='lat' dir='ltr'><strong>veheretur,</strong></span> <span class='ocrx_word' id='word_1_168' title='bbox 362 2213 399 2261; x_wconf 90' lang='lat' dir='ltr'><strong>ut</strong></span> <span class='ocrx_word' id='word_1_169' title='bbox 429 2202 563 2276; x_wconf 88' lang='lat' dir='ltr'><strong>scirent,</strong></span> <span class='ocrx_word' id='word_1_170' title='bbox 593 2218 628 2259; x_wconf 86' lang='lat' dir='ltr'><strong>se</strong></span> <span class='ocrx_word' id='word_1_171' title='bbox 658 2201 838 2278; x_wconf 85' lang='lat' dir='ltr'><strong>facturum3</strong></span> <span class='ocrx_word' id='word_1_172' title='bbox 866 2221 962 2293; x_wconf 89' lang='lat' dir='ltr'><strong>quem</strong></span> <span class='ocrx_word' id='word_1_173' title='bbox 993 2202 1018 2260; x_wconf 91' lang='lat' dir='ltr'><strong>si</strong></span> <span class='ocrx_word' id='word_1_174' title='bbox 1049 2215 1105 2262; x_wconf 91' lang='lat' dir='ltr'><strong>aut</strong></span> 
     </span>
     <span class='ocr_line' id='line_1_24' title="bbox 136 2277 1104 2362; baseline 0.001 -21"><span class='ocrx_word' id='word_1_175' title='bbox 136 2281 318 2360; x_wconf 85' lang='lat' dir='ltr'><strong>cepissent,</strong></span> <span class='ocrx_word' id='word_1_176' title='bbox 355 2291 409 2339; x_wconf 91' lang='lat' dir='ltr'><strong>aut</strong></span> <span class='ocrx_word' id='word_1_177' title='bbox 435 2277 690 2358; x_wconf 84' lang='lat' dir='ltr'><strong>interfecissent,</strong></span> <span class='ocrx_word' id='word_1_178' title='bbox 716 2300 830 2362; x_wconf 84' lang='lat' dir='ltr'><strong>magno</strong></span> <span class='ocrx_word' id='word_1_179' title='bbox 858 2279 907 2340; x_wconf 91' lang='lat' dir='ltr'><strong>b1s</strong></span> <span class='ocrx_word' id='word_1_180' title='bbox 930 2279 1104 2362; x_wconf 82' lang='lat' dir='ltr'><strong>pollicetur</strong></span> 
     </span>
     <span class='ocr_line' id='line_1_25' title="bbox 143 2355 584 2439; baseline -0.014 -20"><span class='ocrx_word' id='word_1_181' title='bbox 143 2358 285 2439; x_wconf 84' lang='lat' dir='ltr'><strong>praemio</strong></span> <span class='ocrx_word' id='word_1_182' title='bbox 310 2355 393 2416; x_wconf 81' lang='lat' dir='ltr'><strong>fore.</strong></span> <span class='ocrx_word' id='word_1_183' title='bbox 569 2409 584 2425; x_wconf 70' lang='lat'>‚</span> 
     </span>
     <span class='ocr_line' id='line_1_26' title="bbox 222 2434 1103 2516; baseline 0.005 -20"><span class='ocrx_word' id='word_1_184' title='bbox 222 2438 277 2496; x_wconf 76' lang='lat' dir='ltr'><strong>XI.</strong></span> <span class='ocrx_word' id='word_1_185' title='bbox 304 2435 375 2496; x_wconf 72' lang='lat' dir='ltr'><strong>&#39;Tali</strong></span> <span class='ocrx_word' id='word_1_186' title='bbox 393 2434 615 2497; x_wconf 81' lang='lat' dir='ltr'><strong>cohortatione</strong></span> <span class='ocrx_word' id='word_1_187' title='bbox 640 2437 774 2500; x_wconf 81' lang='lat' dir='ltr'><strong>militum·</strong></span> <span class='ocrx_word' id='word_1_188' title='bbox 800 2437 903 2516; x_wconf 80' lang='lat' dir='ltr'><strong>facta,</strong></span> <span class='ocrx_word' id='word_1_189' title='bbox 931 2439 1038 2500; x_wconf 86' lang='lat' dir='ltr'><strong>classis</strong></span> <span class='ocrx_word' id='word_1_190' title='bbox 1063 2441 1103 2500; x_wconf 82' lang='lat' dir='ltr'><strong>ab</strong></span> 
     </span>
     <span class='ocr_line' id='line_1_27' title="bbox 144 2514 1104 2604; baseline 0.002 -28"><span class='ocrx_word' id='word_1_191' title='bbox 144 2516 290 2598; x_wconf 83' lang='lat' dir='ltr'><strong>utrisque</strong></span> <span class='ocrx_word' id='word_1_192' title='bbox 310 2514 342 2574; x_wconf 91' lang='lat' dir='ltr'><strong>in</strong></span> <span class='ocrx_word' id='word_1_193' title='bbox 362 2515 522 2595; x_wconf 86' lang='lat' dir='ltr'><strong>proelium</strong></span> <span class='ocrx_word' id='word_1_194' title='bbox 551 2515 732 2578; x_wconf 86' lang='lat' dir='ltr'><strong>deducitur.</strong></span> <span class='ocrx_word' id='word_1_195' title='bbox 773 2517 918 2604; x_wconf 72' lang='lat' dir='ltr'><strong>Quarum</strong></span> <span class='ocrx_word' id='word_1_196' title='bbox 938 2519 1006 2578; x_wconf 88' lang='lat' dir='ltr'><strong>acie</strong></span> <span class='ocrx_word' id='word_1_197' title='bbox 1029 2539 1104 2580; x_wconf 90' lang='lat' dir='ltr'><strong>con·</strong></span> 
     </span>
     <span class='ocr_line' id='line_1_28' title="bbox 145 2593 1103 2678; baseline 0.001 -23"><span class='ocrx_word' id='word_1_198' title='bbox 145 2595 269 2670; x_wconf 90' lang='lat' dir='ltr'><strong>stituta,</strong></span> <span class='ocrx_word' id='word_1_199' title='bbox 289 2593 475 2678; x_wconf 87' lang='lat' dir='ltr'><strong>priusquam</strong></span> <span class='ocrx_word' id='word_1_200' title='bbox 489 2593 612 2675; x_wconf 84' lang='lat' dir='ltr'><strong>signum</strong></span> <span class='ocrx_word' id='word_1_201' title='bbox 625 2615 751 2678; x_wconf 86' lang='lat' dir='ltr'><strong>pugnae</strong></span> <span class='ocrx_word' id='word_1_202' title='bbox 766 2597 914 2674; x_wconf 87' lang='lat' dir='ltr'><strong>daretur,</strong></span> <span class='ocrx_word' id='word_1_203' title='bbox 934 2597 1103 2676; x_wconf 84' lang='lat' dir='ltr'><strong>Hannibal,</strong></span> 
     </span>
    </p>
   </div>
   <div class='ocr_carea' id='block_1_5' title="bbox 143 2672 1208 2756">
    <p class='ocr_par' dir='ltr' id='par_1_5' title="bbox 143 2672 1208 2756">
     <span class='ocr_line' id='line_1_29' title="bbox 143 2672 1208 2756; baseline 0.002 -23"><span class='ocrx_word' id='word_1_204' title='bbox 143 2685 181 2733; x_wconf 88' lang='lat' dir='ltr'><strong>ut</strong></span> <span class='ocrx_word' id='word_1_205' title='bbox 210 2673 315 2754; x_wconf 89' lang='lat' dir='ltr'><strong>palam</strong></span> <span class='ocrx_word' id='word_1_206' title='bbox 343 2672 470 2736; x_wconf 74' lang='lat' dir='ltr'><strong>iaceret</strong></span> <span class='ocrx_word' id='word_1_207' title='bbox 497 2673 581 2746; x_wconf 88' lang='lat' dir='ltr'><strong>suis,</strong></span> <span class='ocrx_word' id='word_1_208' title='bbox 614 2695 678 2756; x_wconf 91' lang='lat' dir='ltr'><strong>quo</strong></span> <span class='ocrx_word' id='word_1_209' title='bbox 704 2677 778 2737; x_wconf 91' lang='lat' dir='ltr'><strong>loco</strong></span> <span class='ocrx_word' id='word_1_210' title='bbox 809 2677 969 2736; x_wconf 85' lang='lat' dir='ltr'><strong>Eumenes</strong></span> <span class='ocrx_word' id='word_1_211' title='bbox 1000 2689 1106 2746; x_wconf 86' lang='lat' dir='ltr'><strong>essct,</strong></span> <span class='ocrx_word' id='word_1_212' title='bbox 1205 2721 1208 2735; x_wconf 84' lang='lat'><strong>.</strong></span> 
     </span>
    </p>
   </div>
   <div class='ocr_carea' id='block_1_6' title="bbox 105 2751 1116 3152">
    <p class='ocr_par' dir='ltr' id='par_1_6' title="bbox 105 2751 1116 3152">
     <span class='ocr_line' id='line_1_30' title="bbox 105 2751 1116 2841; baseline 0.003 -29"><span class='ocrx_word' id='word_1_213' title='bbox 105 2770 124 2823; x_wconf 72' lang='lat' dir='ltr'><strong>a</strong></span> <span class='ocrx_word' id='word_1_214' title='bbox 145 2752 345 2814; x_wconf 86' lang='lat' dir='ltr'><strong>tabellarium</strong></span> <span class='ocrx_word' id='word_1_215' title='bbox 364 2753 397 2814; x_wconf 83' lang='lat' dir='ltr'><strong>in</strong></span> <span class='ocrx_word' id='word_1_216' title='bbox 410 2751 526 2834; x_wconf 86' lang='lat' dir='ltr'><strong>scapha</strong></span> <span class='ocrx_word' id='word_1_217' title='bbox 540 2773 611 2812; x_wconf 90' lang='lat' dir='ltr'><strong>cum</strong></span> <span class='ocrx_word' id='word_1_218' title='bbox 631 2753 772 2818; x_wconf 81' lang='lat' dir='ltr'><strong>caduceo</strong></span> <span class='ocrx_word' id='word_1_219' title='bbox 787 2754 891 2815; x_wconf 88' lang='lat' dir='ltr'><strong>mittit.</strong></span> <span class='ocrx_word' id='word_1_220' title='bbox 915 2755 980 2841; x_wconf 80' lang='lat' dir='ltr'><strong>Qui</strong></span> <span class='ocrx_word' id='word_1_221' title='bbox 993 2755 1048 2815; x_wconf 86' lang='lat' dir='ltr'><strong>ubi</strong></span> <span class='ocrx_word' id='word_1_222' title='bbox 1065 2755 1116 2815; x_wconf 87' lang='lat' dir='ltr'><strong>ad·</strong></span> 
     </span>
     <span class='ocr_line' id='line_1_31' title="bbox 145 2817 1104 2917; baseline 0.004 -27"><span class='ocrx_word' id='word_1_223' title='bbox 145 2851 241 2893; x_wconf 83' lang='lat' dir='ltr'><strong>naves</strong></span> <span class='ocrx_word' id='word_1_224' title='bbox 264 2833 522 2894; x_wconf 78' lang='lat' dir='ltr'><strong>adversariorum</strong></span> <span class='ocrx_word' id='word_1_225' title='bbox 546 2817 723 2912; x_wconf 42' lang='lat' dir='ltr'><strong>pervenit?</strong></span> <span class='ocrx_word' id='word_1_226' title='bbox 741 2833 974 2917; x_wconf 84' lang='lat' dir='ltr'><strong>epistolamque</strong></span> <span class='ocrx_word' id='word_1_227' title='bbox 997 2847 1104 2894; x_wconf 83' lang='lat' dir='ltr'><strong>osten-</strong></span> 
     </span>
     <span class='ocr_line' id='line_1_32' title="bbox 146 2908 1105 2995; baseline 0.002 -25"><span class='ocrx_word' id='word_1_228' title='bbox 146 2911 225 2970; x_wconf 86' lang='lat' dir='ltr'><strong>dens</strong></span> <span class='ocrx_word' id='word_1_229' title='bbox 250 2931 285 2971; x_wconf 89' lang='lat' dir='ltr'><strong>se</strong></span> <span class='ocrx_word' id='word_1_230' title='bbox 313 2931 350 2972; x_wconf 90' lang='lat' dir='ltr'><strong>rc</strong></span> <span class='ocrx_word' id='word_1_231' title='bbox 374 2933 425 2972; x_wconf 88' lang='lat' dir='ltr'><strong>em</strong></span> <span class='ocrx_word' id='word_1_232' title='bbox 450 2908 617 2992; x_wconf 78' lang='lat' dir='ltr'><strong>professus</strong></span> <span class='ocrx_word' id='word_1_233' title='bbox 647 2923 696 2972; x_wconf 89' lang='lat' dir='ltr'><strong>est</strong></span> <span class='ocrx_word' id='word_1_234' title='bbox 723 2933 881 2995; x_wconf 85' lang='lat' dir='ltr'><strong>quaerere</strong></span> <span class='ocrx_word' id='word_1_235' title='bbox 929 2913 1034 2972; x_wconf 88' lang='lat' dir='ltr'><strong>statim</strong></span> <span class='ocrx_word' id='word_1_236' title='bbox 1063 2913 1105 2972; x_wconf 89' lang='lat' dir='ltr'><strong>ad</strong></span> 
     </span>
     <span class='ocr_line' id='line_1_33' title="bbox 144 2933 1106 3072; baseline 0.004 -24"><span class='ocrx_word' id='word_1_237' title='bbox 144 2991 323 3049; x_wconf 88' lang='lat' dir='ltr'><strong>Eumenem</strong></span> <span class='ocrx_word' id='word_1_238' title='bbox 347 2933 503 3050; x_wconf 80' lang='lat' dir='ltr'><strong>deductus</strong></span> <span class='ocrx_word' id='word_1_239' title='bbox 525 2999 592 3064; x_wconf 87' lang='lat' dir='ltr'><strong>est,</strong></span> <span class='ocrx_word' id='word_1_240' title='bbox 620 2989 705 3072; x_wconf 91' lang='lat' dir='ltr'><strong>quod</strong></span> <span class='ocrx_word' id='word_1_241' title='bbox 728 3011 822 3052; x_wconf 88' lang='lat' dir='ltr'><strong>nemo</strong></span> <span class='ocrx_word' id='word_1_242' title='bbox 844 2957 1025 3068; x_wconf 87' lang='lat' dir='ltr'><strong>dubitabat,</strong></span> <span class='ocrx_word' id='word_1_243' title='bbox 1050 2993 1106 3052; x_wconf 87' lang='lat' dir='ltr'><strong>ali·</strong></span> 
     </span>
     <span class='ocr_line' id='line_1_34' title="bbox 145 3066 1104 3152; baseline 0.002 -24"><span class='ocrx_word' id='word_1_244' title='bbox 145 3067 225 3150; x_wconf 90' lang='lat' dir='ltr'><strong>quid</strong></span> <span class='ocrx_word' id='word_1_245' title='bbox 253 3067 293 3129; x_wconf 87' lang='lat' dir='ltr'><strong>de</strong></span> <span class='ocrx_word' id='word_1_246' title='bbox 317 3087 397 3148; x_wconf 89' lang='lat' dir='ltr'><strong>pace</strong></span> <span class='ocrx_word' id='word_1_247' title='bbox 417 3089 488 3130; x_wconf 84' lang='lat' dir='ltr'><strong>esse</strong></span> <span class='ocrx_word' id='word_1_248' title='bbox 509 3067 664 3148; x_wconf 88' lang='lat' dir='ltr'><strong>scriptum</strong></span> <span class='ocrx_word' id='word_1_249' title='bbox 685 3066 727 3152; x_wconf 63' lang='grc' dir='ltr'><strong>Β).</strong></span> <span class='ocrx_word' id='word_1_250' title='bbox 767 3069 985 3148; x_wconf 81' lang='lat' dir='ltr'><strong>Tabellarius,</strong></span> <span class='ocrx_word' id='word_1_251' title='bbox 1014 3069 1104 3132; x_wconf 82' lang='lat' dir='ltr'><strong>ducis</strong></span> 
     </span>
    </p>
   </div>
   <div class='ocr_carea' id='block_1_7' title="bbox 134 3191 309 3209">
    <p class='ocr_par' dir='ltr' id='par_1_7' title="bbox 134 3191 309 3209">
     <span class='ocr_line' id='line_1_35' title="bbox 134 3191 309 3209; baseline 0.006 -1"><span class='ocrx_word' id='word_1_252' title='bbox 134 3191 309 3209; x_wconf 52' lang='lat' dir='ltr'><strong>*uhu-u·-</strong></span> 
     </span>
    </p>
   </div>
   <div class='ocr_carea' id='block_1_8' title="bbox 145 3253 1121 3448">
    <p class='ocr_par' dir='ltr' id='par_1_8' title="bbox 145 3253 1121 3448">
     <span class='ocr_line' id='line_1_36' title="bbox 191 3253 1111 3328; baseline 0.005 -22"><span class='ocrx_word' id='word_1_253' title='bbox 191 3254 220 3321; x_wconf 80' lang='grc'><strong>5)</strong></span> <span class='ocrx_word' id='word_1_254' title='bbox 240 3253 321 3307; x_wconf 70' lang='lat' dir='ltr'><strong>Heus.</strong></span> <span class='ocrx_word' id='word_1_255' title='bbox 336 3257 393 3322; x_wconf 78' lang='lat' dir='ltr'><strong>egit</strong></span> <span class='ocrx_word' id='word_1_256' title='bbox 408 3255 530 3326; x_wconf 84' lang='lat' dir='ltr'><strong>inclusit,</strong></span> <span class='ocrx_word' id='word_1_257' title='bbox 547 3259 637 3310; x_wconf 73' lang='lat' dir='ltr'><strong>stud</strong></span> <span class='ocrx_word' id='word_1_258' title='bbox 648 3257 744 3312; x_wconf 79' lang='lat' dir='ltr'><strong>Tnch.</strong></span> <span class='ocrx_word' id='word_1_259' title='bbox 763 3277 797 3299; x_wconf 75' lang='lat'><strong>.-</strong></span> <span class='ocrx_word' id='word_1_260' title='bbox 814 3258 843 3328; x_wconf 82' lang='lat'><strong>6)</strong></span> <span class='ocrx_word' id='word_1_261' title='bbox 863 3261 897 3311; x_wconf 83' lang='lat' dir='ltr'><strong>al.</strong></span> <span class='ocrx_word' id='word_1_262' title='bbox 915 3261 1063 3324; x_wconf 51' lang='lat' dir='ltr'><strong>excitarim</strong></span> <span class='ocrx_word' id='word_1_263' title='bbox 1080 3263 1111 3311; x_wconf 79' lang='lat' dir='ltr'><strong>r.&#39;</strong></span> 
     </span>
     <span class='ocr_line' id='line_1_37' title="bbox 145 3322 1121 3395; baseline 0.006 -23"><span class='ocrx_word' id='word_1_264' title='bbox 145 3322 247 3372; x_wconf 86' lang='lat' dir='ltr'><strong>Daehn.</strong></span> <span class='ocrx_word' id='word_1_265' title='bbox 274 3324 338 3390; x_wconf 89' lang='lat' dir='ltr'><strong>ibiq.</strong></span> <span class='ocrx_word' id='word_1_266' title='bbox 363 3324 452 3374; x_wconf 85' lang='lat' dir='ltr'><strong>lleinr.</strong></span> <span class='ocrx_word' id='word_1_267' title='bbox 472 3355 511 3389; x_wconf 40' lang='lat'><strong>‚—</strong></span> <span class='ocrx_word' id='word_1_268' title='bbox 540 3326 566 3395; x_wconf 73' lang='lat' dir='ltr'><strong>p)</strong></span> <span class='ocrx_word' id='word_1_269' title='bbox 592 3329 718 3394; x_wconf 86' lang='lat' dir='ltr'><strong>Praepos.</strong></span> <span class='ocrx_word' id='word_1_270' title='bbox 744 3329 775 3376; x_wconf 80' lang='grc' dir='ltr'><strong>ιἰι</strong></span> <span class='ocrx_word' id='word_1_271' title='bbox 799 3327 946 3380; x_wconf 84' lang='lat' dir='ltr'><strong>omiserunt</strong></span> <span class='ocrx_word' id='word_1_272' title='bbox 964 3327 1051 3382; x_wconf 79' lang='lat' dir='ltr'><strong>Weti.</strong></span> <span class='ocrx_word' id='word_1_273' title='bbox 1077 3337 1121 3394; x_wconf 31' lang='lat' dir='ltr'><strong>et,</strong></span> 
     </span>
     <span class='ocr_line' id='line_1_38' title="bbox 146 3389 940 3448; baseline 0.008 -10"><span class='ocrx_word' id='word_1_274' title='bbox 146 3389 249 3438; x_wconf 82' lang='lat' dir='ltr'><strong>Gunth.</strong></span> <span class='ocrx_word' id='word_1_275' title='bbox 267 3406 282 3440; x_wconf 88' lang='lat' dir='ltr'><strong>e</strong></span> <span class='ocrx_word' id='word_1_276' title='bbox 300 3389 353 3442; x_wconf 86' lang='lat' dir='ltr'><strong>fide</strong></span> <span class='ocrx_word' id='word_1_277' title='bbox 370 3391 450 3442; x_wconf 90' lang='lat' dir='ltr'><strong>codd.</strong></span> <span class='ocrx_word' id='word_1_278' title='bbox 469 3393 542 3444; x_wconf 85' lang='lat' dir='ltr'><strong>Leid.</strong></span> <span class='ocrx_word' id='word_1_279' title='bbox 562 3395 590 3443; x_wconf 86' lang='grc' dir='ltr'><strong>Β.</strong></span> <span class='ocrx_word' id='word_1_280' title='bbox 608 3395 685 3444; x_wconf 88' lang='lat' dir='ltr'><strong>Voss.</strong></span> <span class='ocrx_word' id='word_1_281' title='bbox 704 3393 735 3442; x_wconf 75' lang='lat' dir='ltr'><strong>A.</strong></span> <span class='ocrx_word' id='word_1_282' title='bbox 755 3393 788 3448; x_wconf 82' lang='lat' dir='ltr'><strong>C.</strong></span> <span class='ocrx_word' id='word_1_283' title='bbox 808 3393 851 3443; x_wconf 89' lang='lat' dir='ltr'><strong>ed.</strong></span> <span class='ocrx_word' id='word_1_284' title='bbox 871 3395 940 3446; x_wconf 86' lang='lat' dir='ltr'><strong>Ultr.</strong></span> 
     </span>
    </p>
   </div>
   <div class='ocr_carea' id='block_1_9' title="bbox 116 3452 1104 3530">
    <p class='ocr_par' dir='ltr' id='par_1_9' title="bbox 116 3452 1104 3530">
     <span class='ocr_line' id='line_1_39' title="bbox 116 3452 1104 3530; baseline 0.01 -26"><span class='ocrx_word' id='word_1_285' title='bbox 116 3455 182 3522; x_wconf 68' lang='lat'><strong>²8)</strong></span> <span class='ocrx_word' id='word_1_286' title='bbox 207 3455 288 3507; x_wconf 86' lang='lat' dir='ltr'><strong>codd.</strong></span> <span class='ocrx_word' id='word_1_287' title='bbox 314 3459 362 3508; x_wconf 79' lang='lat' dir='ltr'><strong>Ax.</strong></span> <span class='ocrx_word' id='word_1_288' title='bbox 387 3453 504 3526; x_wconf 83' lang='lat' dir='ltr'><strong>Guelpb.</strong></span> <span class='ocrx_word' id='word_1_289' title='bbox 529 3459 618 3512; x_wconf 81' lang='lat' dir='ltr'><strong>Boeol.</strong></span> <span class='ocrx_word' id='word_1_290' title='bbox 646 3459 723 3511; x_wconf 84' lang='lat' dir='ltr'><strong>Voss.</strong></span> <span class='ocrx_word' id='word_1_291' title='bbox 746 3461 779 3512; x_wconf 87' lang='lat' dir='ltr'><strong>B.</strong></span> <span class='ocrx_word' id='word_1_292' title='bbox 800 3461 869 3528; x_wconf 81' lang='lat' dir='ltr'><strong>quin</strong></span> <span class='ocrx_word' id='word_1_293' title='bbox 887 3461 955 3529; x_wconf 64' lang='lat' dir='ltr'><strong>aleb.</strong></span> <span class='ocrx_word' id='word_1_294' title='bbox 980 3452 1014 3512; x_wconf 72' lang='lat' dir='ltr'><strong>dc</strong></span> <span class='ocrx_word' id='word_1_295' title='bbox 1037 3478 1104 3530; x_wconf 78' lang='lat' dir='ltr'><strong>pecs</strong></span> 
     </span>
    </p>
   </div>
   <div class='ocr_carea' id='block_1_10' title="bbox 0 0 1288 3872">
    <p class='ocr_par' dir='ltr' id='par_1_10' title="bbox 0 0 1288 3872">
     <span class='ocr_line' id='line_1_40' title="bbox 0 0 1288 3872; baseline 0 0"><span class='ocrx_word' id='word_1_296' title='bbox 0 0 1288 3872; x_wconf 95' lang='lat' dir='ltr'><strong> </strong></span> 
     </span>
    </p>
   </div>
  </div>
 </body>
</html>
