2524 3872
510 385 560 448 111.
580 400 761 446 sutsrsuus.
787 404 830 444 ι..-

610 599 661 661 lll.

466 744 814 808 ARISTIDES.

593 897 694 914 m

514 995 770 1051 ARGUMENTUM·

250 1132 316 1202 Cap.
332 1133 353 1183 l.
373 1129 517 1198 Aristides,
535 1134 696 1200 cognomine
709 1133 796 1183 Iustus
817 1133 981 1202 appellatus,
1001 1094 1140 1182 arhemtss

181 1203 268 1252 stocle
287 1199 482 1252 collabefactus
502 1202 726 1280 exiliomullatur
745 1197 808 1266 (486
820 1217 844 1250 a.
863 1200 924 1251 Chr.
937 1200 975 1267 n.)
992 1226 1027 1237 -
1044 1201 1077 1248 ΙΙ.
1096 1199 1141 1246 ln-

180 1265 1142 1401 attttttttttttltt'tnt'tttttttt.tttttttttt

181 1403 316 1452 civitatum
336 1402 476 1469 imperium
495 1403 632 1453 conciliat.
648 1430 682 1442 -
702 1401 751 1452 111.
769 1403 878 1454 Praeest
895 1399 1013 1466 sermio,
1035 1414 1142 1469 pauper

181 1470 295 1520 moritur
314 1465 385 1537 (471.
406 1484 430 1520 a.
446 1467 509 1519 Chr.
528 1468 566 1538 n.)

241 1612 265 1671 1.
285 1610 459 1686 Aristides,
481 1608 657 1692 Lysimachi
675 1608 775 1689 tilius,
789 1608 1006 1688 Atheniensis,
1027 1631 1145 1694 aequa-

181 1689 219 1750 lis
241 1689 313 1751 fere
334 1689 398 1750 fuit
418 1689 633 1752 Themistocli.
671 1694 782 1774 ltaque
804 1712 876 1753 cum
903 1713 943 1752 eo
965 1692 1005 1751 de
1024 1691 1147 1772 prinei.

72 1783 77 1790 ’
143 1779 160 1820 2
182 1778 260 1852 patu
279 1765 457 1831 contendit:
476 1791 611 1853 namque
635 1770 855 1833 obtrectarunt
870 1771 953 1831 inter
974 1790 1017 1830 se.
1042 1773 1076 1830 ln
1090 1769 1140 1830 his

183 1859 289 1908 autem
312 1847 474 1931 cognitum
491 1855 554 1926 est,
575 1862 693 1932 quanto
709 1857 882 1911 antestaret
899 1849 1080 1986 elospuentia
1095 1849 1142 1908 in-

181 1927 356 1990 nocentiae.
397 1926 596 2023 Quamquam
622 1931 705 1990 enim
729 1929 809 1990 adeo
835 1925 955 1990 excelle
980 1940 1011 1988 at
1032 1927 1142 1988 Aristi·

183 2004 239 2066 des
260 2005 523 2084 abstinentia,‘ut
552 2029 632 2068 unus
659 2022 734 2089 post
756 2006 917 2067 hominum
939 2007 1143 2085 memoriam,

183 2084 270 2166 quod
291 2085 420 2165 quidem
447 2107 503 2146 nos
531 2087 737 2159 audierimus,
763 2082 950 2164 cognomine
975 2085 1077 2144 Iustus
1101 2086 1142 2147 sit

183 2161 376 2240 appellatus3
404 2175 525 2238 tamen,
547 2183 566 2220 a
583 2159 797 2222 Themistocle
819 2159 1067 2240 collabefactus,
1094 2177 1143 2226 te·

142 2234 161 2296 3
183 2241 265 2298 stula
285 2239 338 2298 illa
362 2240 472 2300 exsilio
495 2241 608 2300 decem
629 2260 782 2300 annorum
803 2240 952 2300 multatus
977 2253 1034 2302 est.
1076 2243 1142 2330 Qui

182 2318 312 2412 quidem
336 2339 432 2401 quum
456 2319 666 2398 intelligeret,
696 2317 828 2398 reprimi
852 2319 1038 2380 concitatam
1061 2325 1143 2384 mul-

182 2397 349 2458 titudinem
359 2418 421 2458 non
436 2419 543 2480 posse,
558 2398 738 2480 cedensque
750 2396 1142 2484 animadvertissetquem·

183 2473 255 2536 darn
277 2471 487 2554 scribentem,
514 2489 550 2537 ut
572 2477 675 2556 patria
699 2477 892 2557 pelleretur,
920 2481 1142 2572 quaesisseab

184 2575 224 2614 eo
244 2555 376 2632 dicitur,
397 2577 494 2641 quare
510 2557 543 2616 id
559 2555 701 2632 faceret,
722 2567 775 2616 aut
812 2557 867 2617 uid
885 2558 1039 2618 Aristides
1056 2580 1142 2620 com·

143 2629 164 2696 4
184 2633 336 2710 misisset,
357 2655 414 2696 cur
434 2648 519 2697 tanta
538 2655 642 2717 poena
659 2636 771 2718 dignus
790 2577 985 2697 duceretur?
1010 2639 1069 2697 Cui
1085 2639 1142 2701 ille

184 2713 365 2792 respondit,
387 2736 421 2776 se
442 2715 590 2796 ignorare
603 2715 791 2794 Aristidem;
813 2716 870 2777 sed
886 2715 945 2775 sibi
957 2736 1020 2776 non
1035 2718 1142 2798 place-

184 2811 238 2866 re,
262 2793 349 2874 quod
366 2804 430 2854 tam
452 2795 569 2874 cupide
590 2794 801 2872 elaborasset,
822 2807 857 2855 ut
869 2804 1000 2876 praeter
1014 2809 1142 2858 ceteros

143 2861 162 2921 5
184 2873 287 2930 Iustus
313 2875 540 2953 appellaretur.
579 2874 641 2934 Hic
661 2875 773 2936 decem
795 2896 947 2936 annorum
968 2875 1141 2957 legitimam
1251 2943 1257 2958 ⁸

183 2969 320 3088 poenam
357 2973 421 3013 non
450 2953 592 3033 pertulit.
652 2957 731 3014 Nam
757 2965 926 3036 postquam
959 2955 1081 3015 Xerxes
1108 2957 1142 3016 in

215 3029 351 3090 raeciam
381 3030 560 3108 descendit,
592 3046 682 3094 sexto
710 3033 782 3094 fere
809 3051 907 3108 anno,
941 3056 1034 3117 quam
1071 3045 1142 3096 erat

174 3109 351 3188 expulsus,
370 3111 563 3192 populiscito
587 3112 619 3170 in
638 3113 773 3194 patriam
795 3111 961 3174 restitutus
982 3125 1039 3174 est.

251 3189 287 3247 ΙΙ.
312 3191 461 3251 Interl'uit
482 3201 587 3252 autem
607 3212 732 3275 pugnae
746 3193 848 3254 navali
870 3193 954 3273 apud
970 3191 1142 3270 Salamina,

184 3267 365 3350 quaefacta
385 3281 433 3329 est
474 3269 557 3346 rius,
578 3293 671 3364 quam
686 3291 791 3352 poena
812 3271 1014 3331 liberaretur.
1052 3271 1141 3331 ldem

183 3358 315 3426 praetor
334 3348 398 3408 l'uit
411 3350 439 3408 A
478 3349 650 3410 eniensrum
674 3349 758 3431 apud
777 3351 921 3427 Plataeas
945 3351 977 3409 in
997 3350 1142 3432 proelio,

185 3446 248 3508 quo
264 3427 446 3489 Mardonius
460 3427 568 3506 fusus,
581 3428 857 3512 barbarorumque
872 3430 1032 3492 exereitus
1044 3429 1141 3517 inter·
