2564 3872
125 365 134 373 Γ
176 405 217 474 dd
435 403 506 470 XV·
528 419 777 474 transadacto.
801 405 880 478 ab.

136 567 302 635 idirltlas
332 567 481 650 accipere
510 567 586 630 nolo
604 567 673 650 'pro
702 564 826 648 patriae
847 565 989 628 carium.
1030 563 1140 648 Τι’)

176 647 265 732 quod
286 667 337 710 ma
354 648 550 742 incognitum
569 646 717 723 tentasti,
741 645 853 730 tuique
877 642 1012 707 similem
1034 645 1142 708 existi·

175 727 285 804 masti,
315 748 379 789 non
406 747 526 797 miror,
555 725 679 811 tibique
710 726 842 809 ignosco
849 746 860 804 3
890 725 949 786 sed
979 725 1141 807 egredere

175 826 335 912 propere,
353 826 394 866 ne
409 806 487 869 alios
504 826 632 868 corrum
658 827 708 882 as,
728 825 825 888 quum
840 825 897 866 me
906 824 970 866 non
1008 805 1140 870 otueris.

181 889 244 962 Pu,
267 884 422 966 Micytha,
451 897 618 968 argentum
633 827 712 945 baio
731 883 854 963 redde3
884 883 943 944 nisi
971 825 1006 943 il
1028 884 1140 946 confe-

133 965 248 1042 qstim
269 963 364 1041 lacis,
398 983 460 1047 ego
485 976 518 1026 ta
545 963 669 1025 tradam
695 962 902 1045 magistratui.
943 965 1038 1023 Hunc
1058 964 1140 1034 Dio·

173 1041 290 1104 madon
310 1063 409 1132 quum
431 1055 579 1126 rogaret,
601 1055 644 1103 ut'
661 1054 734 1103 tuto
758 1043 846 1104 exire
893 1063 1031 1167 suaque,
1054 1063 1139 1127 quae

173 1122 350 1196 attulisset,
373 1123 490 1186 liceret
511 1119 650 1184 efferre:
679 1121 769 1182 Istud
792 1089 940 1206 quidem,
979 1121 1138 1216 >inquit,

172 1200 304 1280 faciam3
334 1221 440 1284 neque
464 1211 520 1261 tua
546 1221 655 1278 causa,
686 1200 745 1261 aad
764 1221 853 1280 mea,
884 1220 943 1279 ne,
968 1201 995 1262 si
1014 1201 1074 1262 tihr
1096 1203 1140 1264 sit

171 1279 305 1361 pecunia
331 1280 474 1354 ademta,
498 1280 540 1340 ali
586 1280 612 1340 is
641 1279 744 1357 dicat,
774 1280 808 1340 id
835 1279 876 1342 ad
907 1299 959 1341 me
988 1292 1139 1364 ereptum

131 1363 152 1426 6
170 1359 371 1441 pervenisse,
393 1358 482 1445 quod
501 1357 542 1420 de
557 1369 642 1419 atum
657 1359 805 1441 accipere
819 1360 1001 1422 noluissem.
1026 1362 1055 1420 Α
1071 1381 1138 1499 quo

171 1457 271 1522 quum
285 1438 478 1520 quaesisset,
500 1459 565 1521 quo
584 1458 619 1500 sa
631 1437 750 1499 deduci
764 1441 879 1515 vellet,
901 1450 934 1500 et
947 1439 1018 1516 ille,
1039 1438 1083 1500 At
1106 1460 1140 1501 e-

170 1537 242 1594 nas,
263 1516 411 1594 dixisset3
430 1511 627 1598 praesidium
648 1517 756 1595 dedit,
775 1529 811 1578 ut
832 1517 902 1601 [eo]
920 1513 952 1658 T?
972 1529 1043 1579 tuto
1062 1539 1139 1604 per·

170 1595 306 1660 veniret.
345 1597 461 1679 Neque
484 1615 562 1660 vero
587 1596 620 1656 id
640 1595 715 1658 satia
735 1597 864 1675 hahuit,
886 1617 921 1658 se
964 1597 1078 1674 etiam,
1102 1607 1139 1658 nt

169 1673 337 1738 inviolatus
358 1673 390 1735 in
413 1695 526 1739 navem
543 1675 750 1753 ascenderet,
773 1697 835 1761 per
853 1675 1022 1738 Chabriam
1039 1676 1139 1740 Athe·

169 1753 327 1830 nienaeni,
350 1753 392 1815 de
417 1775 483 1838 quo
507 1774 606 1837 supra
626 1755 819 1817 mentionem
840 1754 992 1834 facimus,
1014 1754 1138 1818 effecit.

130 1832 389 1904 6Abstinentiae
421 1834 484 1896 erit
515 1833 578 1898 hoc
613 1833 688 1894 satia
721 1835 947 1896 testimonium.
993 1833 1137 1896 Plurima

170 1913 301 1998 quidem
321 1913 475 2000 prolerre
522 1925 687 1992 ossemus3
714 1912 772 1975 sed
800 1913 915 1976 modus
938 1911 1136 1976 adhibendus

168 2005 234 2071 est,
252 1995 400 2077 quoniam
418 2016 483 2058 uno
498 1935 561 2057 boc
575 1993 737 2059 volumine
752 1993 849 2056 vitam
866 1994 895 2074 ⁵)
912 1992 1138 2054 excellentium

167 2071 313 2135 virorum
326 2075 539 2157 complurium
551 2071 746 2135 concludere
758 2072 987 2148 constituimus,
998 2093 1137 2155 quorum

167 2153 337 2232 separatim
366 2153 473 2214 multis
500 2153 641 2212 millibus
662 2168 817 2214 versuum
845 2151 1029 2234 complures
1057 2151 1137 2217 scri·

165 2241 276 2315 ptores
297 2241 369 2292 ante
388 2251 447 2292 nos
467 2231 677 2312 explicarunt.

248 2309 288 2372 V.
309 2310 384 2369 Fuit
404 2310 499 2370 etiam
520 2309 675 2387 disertus,
696 2320 733 2370 ut
753 2329 849 2374 nemo
870 2310 902 2372 ei
917 2310 1090 2372 Thebanus
1103 2307 1136 2389 ⁶)

165 2400 324 2470 parasset
346 2389 397 2448 elo
423 2388 545 2449 nentia:
566 2408 671 2471 nequa
694 2390 797 2452 minus
819 2377 991 2453 concinnu's
1011 2390 1043 2449 in
1062 2388 1146 2450 bre-¹

166 2469 266 2530 vitate
287 2409 522 2548 respondendi,
554 2489 650 2550 quam
673 2467 705 2526 in
757 2481 890 2551 erpetua
914 2469 1060 2531 oratione
1083 2489 1139 2530 or·

126 2568 144 2612 a
165 2558 264 2607 natus.
305 2547 426 2608 Habuit
448 2545 701 2608 obtrectatorem
720 2489 932 2611 blenaclidam
952 2547 1137 2642 quemdam,

103 2629 106 2634 ’
164 2625 304 2686 indidem
336 2625 476 2704 Thebis,
511 2637 545 2686 ct
580 2625 799 2688 adversarium
827 2629 859 2690 iu
890 2627 1137 2688 administranda

163 2703 346 2786 republica,
377 2706 452 2766 satis
474 2705 685 2766 exercitatum
709 2705 738 2764 ir
764 2705 922 2782 dicendo,
951 2718 989 2766 ut
1008 2705 1138 2766 Theba·

162 2805 237 2845 num
261 2785 397 2846 scilicet.
439 2787 583 2869 Namque
612 2784 660 2844 illi
685 2785 773 2866 genti
822 2788 872 2846 lua
895 2785 979 2846 inest
1000 2784 1137 2861 virium,

123 2867 258 2949 dquam
282 2864 410 2948 ingenii.
453 2865 501 2933 ls,
527 2863 615 2947 quod
638 2863 670 2923 in
696 2884 734 2925 re
755 2808 885 2926 militari
906 2862 1027 2927 florere
1051 2865 1137 2944 Epa·

162 2943 345 3007 minoodam
374 2942 521 3017 videbat,
555 2941 678 3008 hortari
713 2944 839 3010 solebat
872 2943 1063 3022 Thebanos,
1099 2953 1138 3006 ut

213 3143 241 3212 a)
262 3146 299 3223 ita
315 3144 397 3198 codd.
409 3144 526 3217 Guelph.
541 3149 589 3200 Ax.
601 3148 668 3200 Dan.
682 3147 724 3202 ed.
738 3149 807 3201 ultr.
820 3149 900 3202 lleus.
913 3145 1000 3203 Rard.
1017 3171 1052 3190 ·-
1070 3148 1133 3198 alii:

165 3215 336 3332 “’lf‘tZl
349 3225 402 3334 12¹2
418 3216 601 3334 diabli·
614 3215 705 3335 llll.
715 3245 765 3336 {a
772 3213 1139 3350 ³131.l.¹‘il”25¹2¹.³2l5.⁴{⁶‘.

163 3281 246 3398 dddd.
266 3297 353 3417 *db
380 3350 463 3402 codd.
488 3301 689 3428 BoeotpLong.
713 3349 755 3400 ed
782 3351 877 3402 Lumb.
896 3353 983 3403 vitos.
1013 3375 1048 3390 -·
1074 3337 1137 3402 mox

162 3414 243 3482 vulgo
264 3415 333 3467 male
352 3417 486 3467 omittitur
501 3417 692 3485 complurium.
711 3417 748 3467 cl.
768 3417 849 3472 hard.

213 3481 242 3552 6)
261 3482 311 3536 Ax.
332 3493 359 3536 at
379 3485 469 3538 Boeol.
489 3500 566 3534 mmo
579 3499 612 3533 ιτ
628 3481 783 3546 Thebana,
803 3485 838 3536 ul.
861 3500 938 3535 nemo
961 3483 1120 3537 Thebanus.
