2564 3872
409 381 501 470 illlis
527 401 681 450 nazareos.
709 329 849 477 rba—18..
1047 388 1111 464 ,152

153 538 266 616 ¹littura
290 539 455 622 praedixit,
479 539 536 602 sed
557 541 660 620 etiam,
683 561 765 634 quae
786 559 953 616 nuncusu
976 545 1112 624 veniunt,

154 617 288 692 cecinit,
309 632 344 678 ut
364 631 462 678 vates.
989 635 991 642 '

156 697 157 701 ’
236 697 333 759 llVll.
357 700 408 758 lle
430 699 548 776 pietate
567 711 674 758 autem
694 701 790 760 Attici
837 701 890 760 uid
910 702 1008 782 plura¹
1027 723 1112 765 com·
1137 723 1147 758 ι

153 773 353 844 tatemerem?
379 799 474 858 quum
499 777 562 836 hoc
583 778 687 856 ipsum
710 779 781 839 l'ere
803 723 990 860 gloriantem
1007 783 1113 844 audie·

84 887 89 897 ·
156 855 216 929 rim
238 856 268 914 in
292 854 405 916 sunere
433 857 666 931 matrissuae,
695 878 789 938 quam
822 860 931 919 extulit
960 883 1112 923 annorum

154 934 340 1016 nonaginta,
361 955 458 1018 quum
482 949 565 996 esset
586 947 709 1015 septem
726 947 757 994 et
778 937 953 1018 sexaginta,
974 951 1009 1000 se
1024 961 1113 1000 numa

151 1009 250 1096 'quam
272 1034 344 1073 cum
368 1027 466 1074 matre
489 1015 673 1095 ingratiam
688 1015 826 1090 redisse,
850 1036 1019 1098 numquam
1040 1039 1111 1080 cum

151 1095 267 1152 'sorore
298 1091 396 1154 fuisse
427 1095 458 1153 in
482 1095 658 1168 simultate,
689 1115 783 1175 quam
842 1114 922 1176 rope
948 1099 1111 1178 aequalem

151 1171 307 1254 babebat..
341 1173 437 1260 Quod
459 1185 506 1233 est
527 1173 666 1253 siguum,
687 1183 740 1232 aut
760 1115 876 1233 nullam
897 1195 1046 1258 umquam
1065 1177 1147 1236 ind
1203 1191 1206 1197 ’

150 1262 205 1318 ‚ter
228 1272 282 1312 eos
298 1252 524 1333 querimoniam
539 1238 772 1327 intercessisse‘,
794 1262 848 1312 aut
864 1251 947 1330 hunc
959 1273 996 1312 ea
1012 1255 1108 1321 luisse

151 1329 185 1388 'in
205 1351 278 1392 suos
299 1331 510 1412 indulgentia,
532 1343 582 1406 ut,
609 1353 689 1414 quos
712 1352 816 1391 amare
840 1331 993 1408 deberet,
1014 1334 1108 1407 irasci

154 1408 198 1470 eis
230 1409 320 1470 nefas
351 1411 494 1472 duceret.
534 1414 647 1494 Neque
678 1409 710 1469 id
741 1408 821 1470 fecit
849 1423 960 1470 natura
989 1409 1146 1489 solum,8

149 1509 342 1571 ,quamquam
364 1513 472 1552 omnes
504 1491 533 1562 ei
561 1511 725 1570 paremus,
750 1490 807 1550 sed
832 1489 1107 1562 etiamdoctriua.

148 1567 229 1638 Nam
259 1581 300 1630 et'
318 1567 494 1650 principum
519 1569 783 1648 philosophorum
810 1569 852 1642 ita
881 1581 1035 1651 percepta
1054 1568 1108 1630 ha·

153 1646 222 1709 buit
252 1658 441 1726 praecepta,
468 1658 505 1705 ut
533 1648 569 1706 iis
597 1647 636 1706 ad
664 1647 760 1707 vitain
781 1646 950 1730 agendam,
980 1671 1043 1712 non
1068 1648 1107 1710 ad

149 1726 414 1794 ostentationem,
438 1737 592 1784 uteretur.

149 1809 150 1812 ’
271 1805 385 1866 xvul.
406 1803 503 1864 Moris
524 1803 619 1863 etiam
639 1802 793 1862 maiorum
814 1823 952 1862 summus
969 1805 1106 1866 imitator
1132 1829 1142 1864 ι

153 1881 212 1942 suit
233 1883 490 1964 antiquitatisque
509 1893 644 1942 amator:
666 1901 758 1963 quam
774 1881 854 1941 adeo
871 1881 1039 1960 diligenter
1052 1883 1106 1953 hof

152 1960 219 2020 buit
244 1961 416 2044 rogabam,
442 1973 478 2020 ut
504 1982 572 2036 eam
592 1972 691 2020 totam
715 1959 745 2018 in
767 1981 806 2020 eo
827 1959 988 2020 volumine
1003 1975 1106 2041 'expo-

151 2041 265 2120 suerit,
288 2062 351 2123 quo
372 2039 715 2122 magistratus'ornavit
739 2035 780 2117 ὃ).
819 2037 912 2098 Nulla
934 2039 1015 2097 enim
1036 2031 1105 2116 lex,
1127 2059 1143 2099 tt

150 2140 254 2202 neque
277 2143 351 2200 pax,
373 2140 475 2202 neque
490 2119 629 2194 bellum,
648 2138 752 2202 neque
772 2138 823 2178 res
837 2115 965 2176 illustris
981 2129 1029 2178 est
1048 2140 1105 2200 po·

145 2199 215 2278 'puli
236 2199 386 2275 Romani,
409 2221 490 2292 quac
511 2220 574 2260 non
588 2199 618 2258 in
635 2219 674 2258 eo
691 2220 749 2258 suo
764 2209 911 2278 tempore
927 2196 967 2256 sit
981 2209 1103 2271 notata:

145 2278 198 2354 ct,
219 2279 306 2362 quod
325 2277 549 2340 diffictllimum
565 2276 643 2355 suit,
670 2278 715 2338 sic
736 2276 924 2338 familiarum
950 2277 1104 2358 originem

149 2357 329 2433 subtexuit,
357 2370 393 2418 ut
424 2379 463 2418 ex
492 2379 532 2422 eo
560 2357 719 2418 clarorum
742 2357 885 2418 virorum
911 2357 1103 2436 propagines

94 2480 96 2486 .
145 2437 302 2516 'p‹ssimus
326 2457 530 2516 cognoscere.
571 2437 662 2496 Fecit
689 2437 751 2496 hoc
775 2437 860 2496 idem
881 2435 1050 2531 separatim
1073 2436 1142 2497 int

146 2514 215 2574 ¹aliis
246 2515 352 2573 libris:
384 2526 421 2572 ut
442 2517 484 2572 M.
510 2515 603 2572 Bruti
630 2529 745 2594 rogatu
766 2516 885 2572 luniam
912 2513 1060 2572 lentiliam
1086 2535 1109 2572 a,

145 2593 249 2672 'stirpe
270 2592 309 2652 at]
328 2591 407 2650 banc
424 2602 557 2648 aetatem
573 2592 684 2649 ordine
703 2593 905 2650 enumeravit
915 2579 963 2668 9),
980 2603 1102 2670 notans,

150 2671 221 2764 qui,
247 2693 264 2740 a
288 2689 352 2752 quo
375 2679 480 2742 ortus,
501 2689 581 2758 quos
602 2667 757 2742 honores,
779 2668 958 2759 quibusque
975 2681 1102 2748 ,totupo-

148 2749 236 2810 rrbus
261 2770 297 2810 ce
322 2749 409 2808 isset.
443 2748 518 2806 Part
536 2747 632 2809 modo
652 2746 794 2804 Marcelli
811 2745 949 2816 Claudii,
970 2747 1142 2818 Marcel-4

78 2871 80 2875 -
148 2827 268 2906 lorum3
290 2826 445 2906 boipioms
460 2825 599 2886 Cornelii
613 2838 645 2886 et
660 2824 750 2884 Fabii
763 2823 906 2896 Maximi,
928 2821 1101 2884 Fabiorum

118 2927 123 2932 '
149 2921 182 2969 ct
202 2908 409 2969 Aemiliorum
427 2925 571 2986 quoquc:
594 2903 707 2987 quibus
723 2903 809 2976 libris
824 2900 900 2960 nihil
913 2911 1019 2982 potest
1032 2921 1101 2964 esso

148 2988 269 3047 dulcius
291 2987 345 3060 iis,
369 2985 425 3065 qui
448 2984 581 3065 aliquam
603 2983 807 3063 cupiditatem
830 2979 948 3041 habent
971 2981 1101 3042 notitiae

148 3067 306 3129 clarorum
319 3063 477 3136 virorum.
513 3063 627 3144 attigit
646 3081 774 3144 quoque
794 3060 944 3142 politicen
967 3058 994 3138 ¹)
1004 3079 1015 3134 t
1033 3079 1101 3122 cre·

145 3365 151 3371 ,
201 3315 228 3382 8)
257 3317 290 3364 al.
309 3279 465 3374 ordinavit,
485 3314 519 3362 el.
538 3273 638 3363 Duelln.
663 3311 726 3378 ibiq.
749 3310 858 3366 laudatt.
874 3269 913 3348 -u
925 3309 954 3376 9)
983 3271 1120 3376 (ὶ-ιυιιῶρΙι.Υ

140 3383 223 3448 [Voss.
242 3381 274 3448 A.
287 3383 316 3438 C,
330 3381 404 3430 Leid.
424 3382 452 3430 tt.
468 3379 530 3444 edd.
548 3381 661 3446 Lougol.
679 3379 772 3429 Larnb.
790 3380 823 3428 al.
840 3378 1048 3436 etiamst-averit.
1066 3403 1098 3416 -

150 3447 174 3516 ι)
193 3453 225 3499 al.
243 3451 384 3514 poeticam.
591 3472 598 3480 ·
875 3477 877 3481 ,
947 3480 950 3486 .
1057 3477 1059 3482 .
