<?xml version="1.0" encoding="UTF-8"?>
<!DOCTYPE html PUBLIC "-//W3C//DTD XHTML 1.0 Transitional//EN"
    "http://www.w3.org/TR/xhtml1/DTD/xhtml1-transitional.dtd">
<html xmlns="http://www.w3.org/1999/xhtml" xml:lang="en" lang="en">
 <head>
  <title>
</title>
<meta http-equiv="Content-Type" content="text/html;charset=utf-8" />
  <meta name='ocr-system' content='tesseract 3.04.00' />
  <meta name='ocr-capabilities' content='ocr_page ocr_carea ocr_par ocr_line ocrx_word'/>
</head>
<body>
  <div class='ocr_page' id='page_1' title='image "./quaeexstantadop00nepogoog_0114.png"; bbox 0 0 2564 3872; ppageno 0'>
   <div class='ocr_carea' id='block_1_1' title="bbox 214 393 892 470">
    <p class='ocr_par' dir='ltr' id='par_1_1' title="bbox 214 393 892 470">
     <span class='ocr_line' id='line_1_1' title="bbox 214 393 892 470; baseline -0.004 -16"><span class='ocrx_word' id='word_1_1' title='bbox 214 394 270 470; x_wconf 71' lang='lat' dir='ltr'><strong>rot)</strong></span> <span class='ocrx_word' id='word_1_2' title='bbox 494 393 606 456; x_wconf 85' lang='lat' dir='ltr'><strong>xv111.</strong></span> <span class='ocrx_word' id='word_1_3' title='bbox 630 413 791 456; x_wconf 76' lang='lat' dir='ltr'><strong>concurs.</strong></span> <span class='ocrx_word' id='word_1_4' title='bbox 813 395 845 462; x_wconf 75' lang='grc'><strong>5,</strong></span> <span class='ocrx_word' id='word_1_5' title='bbox 863 393 892 466; x_wconf 69' lang='lat' dir='ltr'><strong>d.</strong></span> 
     </span>
    </p>
   </div>
   <div class='ocr_carea' id='block_1_2' title="bbox 163 552 1177 1126">
    <p class='ocr_par' dir='ltr' id='par_1_2' title="bbox 163 552 1177 1126">
     <span class='ocr_line' id='line_1_2' title="bbox 210 552 1177 637; baseline 0.001 -22"><span class='ocrx_word' id='word_1_6' title='bbox 210 555 331 617; x_wconf 89' lang='lat' dir='ltr'><strong>bellum</strong></span> <span class='ocrx_word' id='word_1_7' title='bbox 352 553 587 618; x_wconf 80' lang='lat' dir='ltr'><strong>ednrlnistrevit.</strong></span> <span class='ocrx_word' id='word_1_8' title='bbox 626 553 693 615; x_wconf 73' lang='lat' dir='ltr'><strong>eod</strong></span> <span class='ocrx_word' id='word_1_9' title='bbox 712 553 810 617; x_wconf 84' lang='lat' dir='ltr'><strong>exiles</strong></span> <span class='ocrx_word' id='word_1_10' title='bbox 831 572 883 614; x_wconf 83' lang='lat' dir='ltr'><strong>res</strong></span> <span class='ocrx_word' id='word_1_11' title='bbox 901 552 995 616; x_wconf 82' lang='lat' dir='ltr'><strong>enimi</strong></span> <span class='ocrx_word' id='word_1_12' title='bbox 1015 556 1177 637; x_wconf 80' lang='lat' dir='ltr'><strong>magnitu-</strong></span> 
     </span>
     <span class='ocr_line' id='line_1_3' title="bbox 163 633 1176 716; baseline 0 -20"><span class='ocrx_word' id='word_1_13' title='bbox 163 647 189 696; x_wconf 72' lang='lat' dir='ltr'><strong>‘c</strong></span> <span class='ocrx_word' id='word_1_14' title='bbox 211 636 335 712; x_wconf 90' lang='lat' dir='ltr'><strong>dinem,</strong></span> <span class='ocrx_word' id='word_1_15' title='bbox 357 633 418 696; x_wconf 86' lang='lat' dir='ltr'><strong>etsi</strong></span> <span class='ocrx_word' id='word_1_16' title='bbox 433 655 496 694; x_wconf 90' lang='lat' dir='ltr'><strong>non</strong></span> <span class='ocrx_word' id='word_1_17' title='bbox 510 633 716 716; x_wconf 65' lang='lat' dir='ltr'><strong>frangebant,</strong></span> <span class='ocrx_word' id='word_1_18' title='bbox 738 645 844 695; x_wconf 87' lang='lat' dir='ltr'><strong>tamen</strong></span> <span class='ocrx_word' id='word_1_19' title='bbox 863 633 1057 696; x_wconf 74' lang='lat' dir='ltr'><strong>minuebant.</strong></span> <span class='ocrx_word' id='word_1_20' title='bbox 1078 637 1176 696; x_wconf 88' lang='lat' dir='ltr'><strong>Hunc</strong></span> 
     </span>
     <span class='ocr_line' id='line_1_4' title="bbox 209 713 1177 798; baseline 0.004 -26"><span class='ocrx_word' id='word_1_21' title='bbox 209 735 407 798; x_wconf 80' lang='lat' dir='ltr'><strong>persequens</strong></span> <span class='ocrx_word' id='word_1_22' title='bbox 429 714 624 796; x_wconf 82' lang='lat' dir='ltr'><strong>Antigonus,</strong></span> <span class='ocrx_word' id='word_1_23' title='bbox 645 735 745 796; x_wconf 86' lang='lat' dir='ltr'><strong>quum</strong></span> <span class='ocrx_word' id='word_1_24' title='bbox 759 713 846 780; x_wconf 86' lang='lat' dir='ltr'><strong>omni</strong></span> <span class='ocrx_word' id='word_1_25' title='bbox 866 733 985 794; x_wconf 78' lang='lat' dir='ltr'><strong>genere</strong></span> <span class='ocrx_word' id='word_1_26' title='bbox 1007 715 1177 796; x_wconf 81' lang='lat' dir='ltr'><strong>copiarum</strong></span> 
     </span>
     <span class='ocr_line' id='line_1_5' title="bbox 210 791 1176 876; baseline 0 -20"><span class='ocrx_word' id='word_1_27' title='bbox 210 797 402 870; x_wconf 72' lang='lat' dir='ltr'><strong>abundaret,</strong></span> <span class='ocrx_word' id='word_1_28' title='bbox 425 814 521 874; x_wconf 75' lang='lat' dir='ltr'><strong>saepe</strong></span> <span class='ocrx_word' id='word_1_29' title='bbox 535 793 568 862; x_wconf 85' lang='lat' dir='ltr'><strong>iu</strong></span> <span class='ocrx_word' id='word_1_30' title='bbox 580 792 745 862; x_wconf 70' lang='lat' dir='ltr'>itineribus</span> <span class='ocrx_word' id='word_1_31' title='bbox 761 791 954 862; x_wconf 65' lang='lat' dir='ltr'><strong>verebaturr</strong></span> <span class='ocrx_word' id='word_1_32' title='bbox 976 814 1084 876; x_wconf 88' lang='lat' dir='ltr'><strong>neque</strong></span> <span class='ocrx_word' id='word_1_33' title='bbox 1106 817 1176 856; x_wconf 84' lang='lat' dir='ltr'><strong>um·</strong></span> 
     </span>
     <span class='ocr_line' id='line_1_6' title="bbox 211 870 1174 956; baseline 0.004 -22"><span class='ocrx_word' id='word_1_34' title='bbox 211 897 308 956; x_wconf 83' lang='lat' dir='ltr'><strong>quarn</strong></span> <span class='ocrx_word' id='word_1_35' title='bbox 333 873 373 934; x_wconf 84' lang='lat' dir='ltr'><strong>ed</strong></span> <span class='ocrx_word' id='word_1_36' title='bbox 403 879 528 936; x_wconf 82' lang='lat' dir='ltr'><strong>manum</strong></span> <span class='ocrx_word' id='word_1_37' title='bbox 555 873 711 934; x_wconf 77' lang='lat' dir='ltr'><strong>accedere</strong></span> <span class='ocrx_word' id='word_1_38' title='bbox 740 870 875 946; x_wconf 78' lang='lat' dir='ltr'><strong>licebat,</strong></span> <span class='ocrx_word' id='word_1_39' title='bbox 906 872 967 934; x_wconf 87' lang='lat' dir='ltr'><strong>nisi</strong></span> <span class='ocrx_word' id='word_1_40' title='bbox 993 872 1041 934; x_wconf 88' lang='lat' dir='ltr'><strong>his</strong></span> <span class='ocrx_word' id='word_1_41' title='bbox 1074 875 1174 950; x_wconf 83' lang='lat' dir='ltr'><strong>locis,</strong></span> 
     </span>
     <span class='ocr_line' id='line_1_7' title="bbox 170 949 1174 1045; baseline -0.001 -29"><span class='ocrx_word' id='word_1_42' title='bbox 170 955 191 1016; x_wconf 78' lang='grc'>3</span> <span class='ocrx_word' id='word_1_43' title='bbox 211 953 329 1035; x_wconf 85' lang='lat' dir='ltr'><strong>quibus</strong></span> <span class='ocrx_word' id='word_1_44' title='bbox 347 954 441 1034; x_wconf 81' lang='lat' dir='ltr'><strong>pauci</strong></span> <span class='ocrx_word' id='word_1_45' title='bbox 458 952 566 1014; x_wconf 84' lang='lat' dir='ltr'><strong>multis</strong></span> <span class='ocrx_word' id='word_1_46' title='bbox 588 964 721 1045; x_wconf 89' lang='lat' dir='ltr'><strong>possent</strong></span> <span class='ocrx_word' id='word_1_47' title='bbox 738 951 899 1021; x_wconf 84' lang='lat' dir='ltr'><strong>resistere.</strong></span> <span class='ocrx_word' id='word_1_48' title='bbox 940 949 1005 1015; x_wconf 85' lang='lat' dir='ltr'><strong>Sed</strong></span> <span class='ocrx_word' id='word_1_49' title='bbox 1025 966 1174 1016; x_wconf 81' lang='lat' dir='ltr'><strong>extremo</strong></span> 
     </span>
     <span class='ocr_line' id='line_1_8' title="bbox 207 1031 1173 1126; baseline 0.003 -34"><span class='ocrx_word' id='word_1_50' title='bbox 207 1044 375 1126; x_wconf 75' lang='lat' dir='ltr'><strong>tempore,</strong></span> <span class='ocrx_word' id='word_1_51' title='bbox 396 1053 494 1116; x_wconf 85' lang='lat' dir='ltr'><strong>quum</strong></span> <span class='ocrx_word' id='word_1_52' title='bbox 510 1032 642 1096; x_wconf 78' lang='lat' dir='ltr'><strong>consilio</strong></span> <span class='ocrx_word' id='word_1_53' title='bbox 659 1031 731 1112; x_wconf 77' lang='lat' dir='ltr'><strong>cepi</strong></span> <span class='ocrx_word' id='word_1_54' title='bbox 744 1051 807 1096; x_wconf 88' lang='lat' dir='ltr'><strong>non</strong></span> <span class='ocrx_word' id='word_1_55' title='bbox 819 1043 951 1112; x_wconf 85' lang='lat' dir='ltr'><strong>posset,</strong></span> <span class='ocrx_word' id='word_1_56' title='bbox 969 1033 1173 1103; x_wconf 86' lang='lat' dir='ltr'><strong>multitudiue</strong></span> 
     </span>
    </p>
   </div>
   <div class='ocr_carea' id='block_1_3' title="bbox 211 1110 1271 1190">
    <p class='ocr_par' dir='ltr' id='par_1_3' title="bbox 211 1110 1271 1190">
     <span class='ocr_line' id='line_1_9' title="bbox 211 1110 1271 1190; baseline 0.001 -17"><span class='ocrx_word' id='word_1_57' title='bbox 211 1121 447 1174; x_wconf 76' lang='lat' dir='ltr'><strong>circumventus</strong></span> <span class='ocrx_word' id='word_1_58' title='bbox 468 1123 526 1174; x_wconf 84' lang='lat' dir='ltr'><strong>est.</strong></span> <span class='ocrx_word' id='word_1_59' title='bbox 567 1111 650 1174; x_wconf 88' lang='lat' dir='ltr'><strong>Hinc</strong></span> <span class='ocrx_word' id='word_1_60' title='bbox 674 1122 797 1186; x_wconf 83' lang='lat' dir='ltr'><strong>temen,</strong></span> <span class='ocrx_word' id='word_1_61' title='bbox 824 1110 932 1176; x_wconf 86' lang='lat' dir='ltr'><strong>multis</strong></span> <span class='ocrx_word' id='word_1_62' title='bbox 953 1113 1017 1174; x_wconf 83' lang='lat' dir='ltr'><strong>suis</strong></span> <span class='ocrx_word' id='word_1_63' title='bbox 1039 1114 1174 1190; x_wconf 80' lang='lat' dir='ltr'><strong>emissis,</strong></span> <span class='ocrx_word' id='word_1_64' title='bbox 1270 1141 1271 1176; x_wconf 58' lang='lat'><em>2</em></span> 
     </span>
    </p>
   </div>
   <div class='ocr_carea' id='block_1_4' title="bbox 171 1189 1174 1354">
    <p class='ocr_par' dir='ltr' id='par_1_4' title="bbox 171 1189 1174 1354">
     <span class='ocr_line' id='line_1_10' title="bbox 211 1189 1174 1274; baseline 0.002 -23"><span class='ocrx_word' id='word_1_65' title='bbox 211 1213 246 1252; x_wconf 80' lang='lat' dir='ltr'><strong>se</strong></span> <span class='ocrx_word' id='word_1_66' title='bbox 267 1191 446 1272; x_wconf 83' lang='lat' dir='ltr'><strong>expedivit,</strong></span> <span class='ocrx_word' id='word_1_67' title='bbox 473 1202 507 1253; x_wconf 92' lang='lat' dir='ltr'><strong>et</strong></span> <span class='ocrx_word' id='word_1_68' title='bbox 531 1190 563 1252; x_wconf 88' lang='lat' dir='ltr'><strong>iu</strong></span> <span class='ocrx_word' id='word_1_69' title='bbox 588 1191 756 1254; x_wconf 72' lang='lat' dir='ltr'><strong>custellum</strong></span> <span class='ocrx_word' id='word_1_70' title='bbox 775 1189 950 1270; x_wconf 85' lang='lat' dir='ltr'><strong>Pbrygiae,</strong></span> <span class='ocrx_word' id='word_1_71' title='bbox 977 1193 1067 1274; x_wconf 87' lang='lat' dir='ltr'><strong>quod</strong></span> <span class='ocrx_word' id='word_1_72' title='bbox 1085 1196 1174 1257; x_wconf 80' lang='lat' dir='ltr'><strong>Nera</strong></span> 
     </span>
     <span class='ocr_line' id='line_1_11' title="bbox 171 1269 1174 1354; baseline 0.002 -24"><span class='ocrx_word' id='word_1_73' title='bbox 171 1273 402 1352; x_wconf 51' lang='lat' dir='ltr'><strong>reppulimus,</strong></span> <span class='ocrx_word' id='word_1_74' title='bbox 424 1269 578 1352; x_wconf 74' lang='lat' dir='ltr'><strong>corifugit.</strong></span> <span class='ocrx_word' id='word_1_75' title='bbox 618 1272 653 1332; x_wconf 92' lang='lat' dir='ltr'><strong>ln</strong></span> <span class='ocrx_word' id='word_1_76' title='bbox 673 1291 738 1354; x_wconf 89' lang='lat' dir='ltr'><strong>quo</strong></span> <span class='ocrx_word' id='word_1_77' title='bbox 753 1289 851 1352; x_wconf 85' lang='lat' dir='ltr'><strong>quum</strong></span> <span class='ocrx_word' id='word_1_78' title='bbox 867 1270 1174 1349; x_wconf 83' lang='lat' dir='ltr'><strong>circumsederetur,</strong></span> 
     </span>
    </p>
   </div>
   <div class='ocr_carea' id='block_1_5' title="bbox 198 1351 1271 1434">
    <p class='ocr_par' dir='ltr' id='par_1_5' title="bbox 198 1351 1271 1434">
     <span class='ocr_line' id='line_1_12' title="bbox 198 1351 1271 1434; baseline 0.001 -22"><span class='ocrx_word' id='word_1_79' title='bbox 198 1363 246 1418; x_wconf 80' lang='lat' dir='ltr'><strong>,et</strong></span> <span class='ocrx_word' id='word_1_80' title='bbox 271 1363 459 1421; x_wconf 75' lang='lat' dir='ltr'><strong>vereretur,</strong></span> <span class='ocrx_word' id='word_1_81' title='bbox 486 1370 526 1412; x_wconf 92' lang='lat' dir='ltr'><strong>uc</strong></span> <span class='ocrx_word' id='word_1_82' title='bbox 555 1371 618 1418; x_wconf 84' lang='lat' dir='ltr'><strong>uno</strong></span> <span class='ocrx_word' id='word_1_83' title='bbox 642 1351 717 1413; x_wconf 85' lang='lat' dir='ltr'><strong>leco</strong></span> <span class='ocrx_word' id='word_1_84' title='bbox 742 1369 869 1418; x_wconf 81' lang='lat' dir='ltr'><strong>manens</strong></span> <span class='ocrx_word' id='word_1_85' title='bbox 892 1368 993 1434; x_wconf 83' lang='lat' dir='ltr'><strong>equos</strong></span> <span class='ocrx_word' id='word_1_86' title='bbox 1018 1353 1172 1412; x_wconf 82' lang='lat' dir='ltr'><strong>militares</strong></span> <span class='ocrx_word' id='word_1_87' title='bbox 1257 1387 1271 1406; x_wconf 44' lang='grc' dir='ltr'>ψ</span> 
     </span>
    </p>
   </div>
   <div class='ocr_carea' id='block_1_6' title="bbox 171 1429 1271 1840">
    <p class='ocr_par' dir='ltr' id='par_1_6' title="bbox 210 1429 1271 1673">
     <span class='ocr_line' id='line_1_13' title="bbox 235 1429 1271 1512; baseline 0.002 -21"><span class='ocrx_word' id='word_1_88' title='bbox 235 1429 385 1508; x_wconf 88' lang='lat' dir='ltr'><strong>erderet,</strong></span> <span class='ocrx_word' id='word_1_89' title='bbox 412 1429 500 1512; x_wconf 89' lang='lat' dir='ltr'><strong>quod</strong></span> <span class='ocrx_word' id='word_1_90' title='bbox 514 1429 649 1510; x_wconf 82' lang='lat' dir='ltr'><strong>spatium</strong></span> <span class='ocrx_word' id='word_1_91' title='bbox 668 1451 731 1494; x_wconf 87' lang='lat' dir='ltr'><strong>non</strong></span> <span class='ocrx_word' id='word_1_92' title='bbox 748 1441 833 1490; x_wconf 86' lang='lat' dir='ltr'><strong>esset</strong></span> <span class='ocrx_word' id='word_1_93' title='bbox 847 1429 1002 1510; x_wconf 76' lang='lat' dir='ltr'><strong>agitandis</strong></span> <span class='ocrx_word' id='word_1_94' title='bbox 1023 1432 1175 1494; x_wconf 80' lang='lat' dir='ltr'><strong>callidum</strong></span> <span class='ocrx_word' id='word_1_95' title='bbox 1269 1489 1271 1510; x_wconf 62' lang='lat'><strong>,</strong></span> 
     </span>
     <span class='ocr_line' id='line_1_14' title="bbox 210 1452 1271 1591; baseline 0.002 -21"><span class='ocrx_word' id='word_1_96' title='bbox 210 1452 272 1570; x_wconf 73' lang='lat' dir='ltr'><strong>ibit</strong></span> <span class='ocrx_word' id='word_1_97' title='bbox 297 1510 364 1571; x_wconf 87' lang='lat' dir='ltr'><strong>eius</strong></span> <span class='ocrx_word' id='word_1_98' title='bbox 385 1510 568 1584; x_wconf 82' lang='lat' dir='ltr'><strong>inventum,</strong></span> <span class='ocrx_word' id='word_1_99' title='bbox 593 1508 862 1591; x_wconf 66' lang='lat' dir='ltr'><strong>quemadmodum</strong></span> <span class='ocrx_word' id='word_1_100' title='bbox 891 1521 979 1572; x_wconf 66' lang='lat' dir='ltr'><strong>stens.</strong></span> <span class='ocrx_word' id='word_1_101' title='bbox 995 1510 1174 1575; x_wconf 86' lang='lat' dir='ltr'><strong>iumentum</strong></span> <span class='ocrx_word' id='word_1_102' title='bbox 1270 1519 1271 1536; x_wconf 67' lang='lat'>¹</span> 
     </span>
     <span class='ocr_line' id='line_1_15' title="bbox 210 1588 1174 1673; baseline 0 -21"><span class='ocrx_word' id='word_1_103' title='bbox 210 1589 417 1652; x_wconf 81' lang='lat' dir='ltr'><strong>concalefleri</strong></span> <span class='ocrx_word' id='word_1_104' title='bbox 431 1589 641 1670; x_wconf 82' lang='lat' dir='ltr'><strong>exercerique</strong></span> <span class='ocrx_word' id='word_1_105' title='bbox 655 1599 784 1669; x_wconf 84' lang='lat' dir='ltr'><strong>posset,</strong></span> <span class='ocrx_word' id='word_1_106' title='bbox 803 1609 869 1673; x_wconf 85' lang='lat' dir='ltr'><strong>quo¹</strong></span> <span class='ocrx_word' id='word_1_107' title='bbox 884 1588 1033 1652; x_wconf 87' lang='lat' dir='ltr'><strong>libentius</strong></span> <span class='ocrx_word' id='word_1_108' title='bbox 1049 1603 1083 1652; x_wconf 91' lang='lat' dir='ltr'><strong>et</strong></span> <span class='ocrx_word' id='word_1_109' title='bbox 1098 1591 1174 1652; x_wconf 90' lang='lat' dir='ltr'><strong>cibo</strong></span> 
     </span>
    </p>

    <p class='ocr_par' dir='ltr' id='par_1_7' title="bbox 171 1667 1174 1840">
     <span class='ocr_line' id='line_1_16' title="bbox 171 1667 1174 1749; baseline 0.002 -21"><span class='ocrx_word' id='word_1_110' title='bbox 171 1667 191 1728; x_wconf 78' lang='grc' dir='ltr'><strong>ὅ</strong></span> <span class='ocrx_word' id='word_1_111' title='bbox 212 1679 376 1746; x_wconf 78' lang='lat' dir='ltr'><strong>uteretur,</strong></span> <span class='ocrx_word' id='word_1_112' title='bbox 398 1681 432 1732; x_wconf 89' lang='lat' dir='ltr'><strong>et</strong></span> <span class='ocrx_word' id='word_1_113' title='bbox 447 1689 465 1730; x_wconf 78' lang='grc' dir='ltr'>ι</span> <span class='ocrx_word' id='word_1_114' title='bbox 480 1669 625 1749; x_wconf 83' lang='lat' dir='ltr'><strong>corperis</strong></span> <span class='ocrx_word' id='word_1_115' title='bbox 642 1679 732 1730; x_wconf 84' lang='lat' dir='ltr'><strong>motu</strong></span> <span class='ocrx_word' id='word_1_116' title='bbox 750 1688 814 1730; x_wconf 92' lang='lat' dir='ltr'><strong>non</strong></span> <span class='ocrx_word' id='word_1_117' title='bbox 827 1681 1062 1731; x_wconf 82' lang='lat' dir='ltr'><strong>removeretur.</strong></span> <span class='ocrx_word' id='word_1_118' title='bbox 1087 1669 1174 1731; x_wconf 85' lang='lat' dir='ltr'><strong>Sub-</strong></span> 
     </span>
     <span class='ocr_line' id='line_1_17' title="bbox 208 1747 1173 1840; baseline 0.004 -34"><span class='ocrx_word' id='word_1_119' title='bbox 208 1747 387 1830; x_wconf 83' lang='lat' dir='ltr'><strong>stringebat</strong></span> <span class='ocrx_word' id='word_1_120' title='bbox 406 1759 503 1830; x_wconf 78' lang='lat' dir='ltr'><strong>caput</strong></span> <span class='ocrx_word' id='word_1_121' title='bbox 516 1750 587 1813; x_wconf 88' lang='lat' dir='ltr'><strong>loro</strong></span> <span class='ocrx_word' id='word_1_122' title='bbox 603 1748 707 1826; x_wconf 77' lang='lat' dir='ltr'><strong>ultim,</strong></span> <span class='ocrx_word' id='word_1_123' title='bbox 729 1768 823 1840; x_wconf 83' lang='lat' dir='ltr'><strong>quem</strong></span> <span class='ocrx_word' id='word_1_124' title='bbox 843 1759 880 1821; x_wconf 88' lang='lat' dir='ltr'><strong>ut</strong></span> <span class='ocrx_word' id='word_1_125' title='bbox 900 1748 1062 1830; x_wconf 86' lang='lat' dir='ltr'><strong>prioribus</strong></span> <span class='ocrx_word' id='word_1_126' title='bbox 1082 1751 1173 1830; x_wconf 87' lang='lat' dir='ltr'><strong>pedi-</strong></span> 
     </span>
    </p>
   </div>
   <div class='ocr_carea' id='block_1_7' title="bbox 212 1827 1271 1911">
    <p class='ocr_par' dir='ltr' id='par_1_8' title="bbox 212 1827 1271 1911">
     <span class='ocr_line' id='line_1_18' title="bbox 212 1827 1271 1911; baseline 0.001 -23"><span class='ocrx_word' id='word_1_127' title='bbox 212 1827 272 1888; x_wconf 88' lang='lat' dir='ltr'><strong>bus</strong></span> <span class='ocrx_word' id='word_1_128' title='bbox 296 1828 389 1910; x_wconf 85' lang='lat' dir='ltr'><strong>plene</strong></span> <span class='ocrx_word' id='word_1_129' title='bbox 417 1840 537 1892; x_wconf 85' lang='lat' dir='ltr'><strong>terram</strong></span> <span class='ocrx_word' id='word_1_130' title='bbox 561 1839 672 1910; x_wconf 77' lang='lat' dir='ltr'><strong>posset</strong></span> <span class='ocrx_word' id='word_1_131' title='bbox 699 1839 857 1909; x_wconf 78' lang='lat' dir='ltr'><strong>attingere</strong></span> <span class='ocrx_word' id='word_1_132' title='bbox 863 1849 873 1906; x_wconf 83' lang='lat'>3</span> <span class='ocrx_word' id='word_1_133' title='bbox 904 1827 1020 1888; x_wconf 88' lang='lat' dir='ltr'><strong>deiude</strong></span> <span class='ocrx_word' id='word_1_134' title='bbox 1043 1842 1118 1911; x_wconf 88' lang='lat' dir='ltr'><strong>post</strong></span> <span class='ocrx_word' id='word_1_135' title='bbox 1138 1829 1173 1908; x_wconf 70' lang='lat'><strong>⁴²)</strong></span> <span class='ocrx_word' id='word_1_136' title='bbox 1269 1873 1271 1878; x_wconf 68' lang='lat'><strong>,</strong></span> 
     </span>
    </p>
   </div>
   <div class='ocr_carea' id='block_1_8' title="bbox 172 1907 1183 3102">
    <p class='ocr_par' dir='ltr' id='par_1_9' title="bbox 172 1907 1183 3102">
     <span class='ocr_line' id='line_1_19' title="bbox 196 1907 1172 1991; baseline -0.001 -22"><span class='ocrx_word' id='word_1_137' title='bbox 196 1908 399 1970; x_wconf 66' lang='lat' dir='ltr'><strong>tuberibus</strong></span> <span class='ocrx_word' id='word_1_138' title='bbox 427 1907 564 1991; x_wconf 79' lang='lat' dir='ltr'><strong>cogebat</strong></span> <span class='ocrx_word' id='word_1_139' title='bbox 598 1907 762 1985; x_wconf 53' lang='lat' dir='ltr'><strong>exultare,</strong></span> <span class='ocrx_word' id='word_1_140' title='bbox 795 1918 828 1972; x_wconf 88' lang='lat' dir='ltr'><strong>et</strong></span> <span class='ocrx_word' id='word_1_141' title='bbox 859 1909 962 1972; x_wconf 79' lang='lat' dir='ltr'><strong>calces</strong></span> <span class='ocrx_word' id='word_1_142' title='bbox 993 1909 1172 1972; x_wconf 86' lang='lat' dir='ltr'><strong>remittere.</strong></span> 
     </span>
     <span class='ocr_line' id='line_1_20' title="bbox 212 1987 1172 2077; baseline 0.001 -29"><span class='ocrx_word' id='word_1_143' title='bbox 212 1988 278 2077; x_wconf 82' lang='lat' dir='ltr'><strong>Qui</strong></span> <span class='ocrx_word' id='word_1_144' title='bbox 298 1999 404 2050; x_wconf 83' lang='lat' dir='ltr'><strong>motus</strong></span> <span class='ocrx_word' id='word_1_145' title='bbox 425 2008 489 2059; x_wconf 85' lang='lat' dir='ltr'><strong>non</strong></span> <span class='ocrx_word' id='word_1_146' title='bbox 512 1989 613 2061; x_wconf 75' lang='lat' dir='ltr'><strong>minus</strong></span> <span class='ocrx_word' id='word_1_147' title='bbox 637 1987 789 2057; x_wconf 85' lang='lat' dir='ltr'><strong>sudorem</strong></span> <span class='ocrx_word' id='word_1_148' title='bbox 809 1987 1006 2066; x_wconf 80' lang='lat' dir='ltr'><strong>excutiebat,</strong></span> <span class='ocrx_word' id='word_1_149' title='bbox 1050 2009 1124 2048; x_wconf 84' lang='lat' dir='ltr'><strong>uem</strong></span> <span class='ocrx_word' id='word_1_150' title='bbox 1144 1991 1172 2050; x_wconf 84' lang='lat' dir='ltr'><strong>si</strong></span> 
     </span>
     <span class='ocr_line' id='line_1_21' title="bbox 172 2009 1172 2156; baseline 0.001 -28"><span class='ocrx_word' id='word_1_151' title='bbox 172 2067 243 2128; x_wconf 82' lang='lat' dir='ltr'><strong>bin</strong></span> <span class='ocrx_word' id='word_1_152' title='bbox 262 2068 366 2149; x_wconf 75' lang='lat' dir='ltr'><strong>spatio</strong></span> <span class='ocrx_word' id='word_1_153' title='bbox 390 2068 590 2130; x_wconf 82' lang='lat' dir='ltr'><strong>decurreret.</strong></span> <span class='ocrx_word' id='word_1_154' title='bbox 631 2067 706 2156; x_wconf 79' lang='lat' dir='ltr'><strong>Quo</strong></span> <span class='ocrx_word' id='word_1_155' title='bbox 727 2065 849 2128; x_wconf 80' lang='lat' dir='ltr'><strong>factum</strong></span> <span class='ocrx_word' id='word_1_156' title='bbox 870 2078 935 2144; x_wconf 82' lang='lat' dir='ltr'><strong>est,</strong></span> <span class='ocrx_word' id='word_1_157' title='bbox 962 2009 1050 2152; x_wconf 60' lang='lat' dir='ltr'><strong>quoi</strong></span> <span class='ocrx_word' id='word_1_158' title='bbox 1072 2069 1172 2135; x_wconf 87' lang='lat' dir='ltr'><strong>omui-</strong></span> 
     </span>
     <span class='ocr_line' id='line_1_22' title="bbox 211 2145 1173 2222; baseline 0.003 -17"><span class='ocrx_word' id='word_1_159' title='bbox 211 2145 271 2206; x_wconf 90' lang='lat' dir='ltr'><strong>bus</strong></span> <span class='ocrx_word' id='word_1_160' title='bbox 291 2147 436 2208; x_wconf 82' lang='lat' dir='ltr'><strong>mirabile</strong></span> <span class='ocrx_word' id='word_1_161' title='bbox 458 2158 508 2210; x_wconf 89' lang='lat' dir='ltr'><strong>est</strong></span> <span class='ocrx_word' id='word_1_162' title='bbox 527 2147 647 2222; x_wconf 82' lang='lat' dir='ltr'><strong>visum,</strong></span> <span class='ocrx_word' id='word_1_163' title='bbox 668 2159 704 2211; x_wconf 89' lang='lat' dir='ltr'><strong>ut</strong></span> <span class='ocrx_word' id='word_1_164' title='bbox 723 2167 760 2207; x_wconf 83' lang='lat' dir='ltr'><strong>ee</strong></span> <span class='ocrx_word' id='word_1_165' title='bbox 786 2166 825 2206; x_wconf 87' lang='lat' dir='ltr'><strong>ue</strong></span> <span class='ocrx_word' id='word_1_166' title='bbox 847 2145 987 2215; x_wconf 71' lang='lat' dir='ltr'><strong>iumenta</strong></span> <span class='ocrx_word' id='word_1_167' title='bbox 1010 2147 1110 2210; x_wconf 78' lang='lat' dir='ltr'><strong>nitida</strong></span> <span class='ocrx_word' id='word_1_168' title='bbox 1130 2167 1173 2212; x_wconf 79' lang='lat' dir='ltr'><strong>ex</strong></span> 
     </span>
     <span class='ocr_line' id='line_1_23' title="bbox 211 2167 1183 2308; baseline -0.002 -24"><span class='ocrx_word' id='word_1_169' title='bbox 211 2226 343 2292; x_wconf 82' lang='lat' dir='ltr'><strong>castello</strong></span> <span class='ocrx_word' id='word_1_170' title='bbox 366 2226 539 2302; x_wconf 90' lang='lat' dir='ltr'><strong>educeret,</strong></span> <span class='ocrx_word' id='word_1_171' title='bbox 563 2247 662 2308; x_wconf 86' lang='lat' dir='ltr'><strong>quum</strong></span> <span class='ocrx_word' id='word_1_172' title='bbox 685 2167 868 2308; x_wconf 53' lang='lat' dir='ltr'><strong>complures</strong></span> <span class='ocrx_word' id='word_1_173' title='bbox 889 2246 1013 2288; x_wconf 89' lang='lat' dir='ltr'><strong>menses</strong></span> <span class='ocrx_word' id='word_1_174' title='bbox 1033 2227 1065 2287; x_wconf 89' lang='lat' dir='ltr'><strong>in</strong></span> <span class='ocrx_word' id='word_1_175' title='bbox 1085 2227 1183 2294; x_wconf 66' lang='lat' dir='ltr'><strong>obsi.</strong></span> 
     </span>
     <span class='ocr_line' id='line_1_24' title="bbox 211 2303 1173 2386; baseline 0 -20"><span class='ocrx_word' id='word_1_176' title='bbox 211 2303 306 2366; x_wconf 89' lang='lat' dir='ltr'><strong>dione</strong></span> <span class='ocrx_word' id='word_1_177' title='bbox 327 2304 460 2380; x_wconf 68' lang='lat' dir='ltr'><strong>fuisset,</strong></span> <span class='ocrx_word' id='word_1_178' title='bbox 481 2323 516 2363; x_wconf 86' lang='lat' dir='ltr'><strong>ec</strong></span> <span class='ocrx_word' id='word_1_179' title='bbox 543 2304 570 2364; x_wconf 83' lang='lat' dir='ltr'><strong>si</strong></span> <span class='ocrx_word' id='word_1_180' title='bbox 589 2305 621 2364; x_wconf 90' lang='lat' dir='ltr'><strong>in</strong></span> <span class='ocrx_word' id='word_1_181' title='bbox 637 2303 867 2386; x_wconf 82' lang='lat' dir='ltr'><strong>campestribus</strong></span> <span class='ocrx_word' id='word_1_182' title='bbox 889 2325 927 2366; x_wconf 81' lang='lat' dir='ltr'><strong>ee</strong></span> <span class='ocrx_word' id='word_1_183' title='bbox 946 2305 1025 2373; x_wconf 81' lang='lat' dir='ltr'><strong>locis</strong></span> <span class='ocrx_word' id='word_1_184' title='bbox 1045 2305 1173 2370; x_wconf 80' lang='lat' dir='ltr'><strong>habuis-</strong></span> 
     </span>
     <span class='ocr_line' id='line_1_25' title="bbox 172 2381 1172 2476; baseline 0.001 -33"><span class='ocrx_word' id='word_1_185' title='bbox 172 2405 192 2462; x_wconf 93' lang='lat'><strong>7</strong></span> <span class='ocrx_word' id='word_1_186' title='bbox 212 2395 271 2444; x_wconf 87' lang='lat' dir='ltr'><strong>set.</strong></span> <span class='ocrx_word' id='word_1_187' title='bbox 312 2383 348 2444; x_wconf 91' lang='lat' dir='ltr'><strong>ln</strong></span> <span class='ocrx_word' id='word_1_188' title='bbox 366 2381 426 2444; x_wconf 86' lang='lat' dir='ltr'><strong>hae</strong></span> <span class='ocrx_word' id='word_1_189' title='bbox 447 2383 670 2460; x_wconf 86' lang='lat' dir='ltr'><strong>conclusione,</strong></span> <span class='ocrx_word' id='word_1_190' title='bbox 691 2383 957 2476; x_wconf 70' lang='lat' dir='ltr'><strong>quotiescumque</strong></span> <span class='ocrx_word' id='word_1_191' title='bbox 977 2385 1096 2462; x_wconf 71' lang='lat' dir='ltr'><strong>uoluit,</strong></span> <span class='ocrx_word' id='word_1_192' title='bbox 1117 2407 1172 2465; x_wconf 84' lang='lat' dir='ltr'><strong>ep-</strong></span> 
     </span>
     <span class='ocr_line' id='line_1_26' title="bbox 210 2461 1169 2544; baseline 0.002 -22"><span class='ocrx_word' id='word_1_193' title='bbox 210 2472 356 2544; x_wconf 80' lang='lat' dir='ltr'><strong>paratum</strong></span> <span class='ocrx_word' id='word_1_194' title='bbox 379 2473 412 2522; x_wconf 92' lang='lat' dir='ltr'><strong>et</strong></span> <span class='ocrx_word' id='word_1_195' title='bbox 431 2461 622 2530; x_wconf 82' lang='lat' dir='ltr'><strong>munitiones</strong></span> <span class='ocrx_word' id='word_1_196' title='bbox 642 2463 793 2544; x_wconf 77' lang='lat' dir='ltr'><strong>Antigoni</strong></span> <span class='ocrx_word' id='word_1_197' title='bbox 816 2463 892 2528; x_wconf 80' lang='lat' dir='ltr'><strong>elias</strong></span> <span class='ocrx_word' id='word_1_198' title='bbox 911 2465 1070 2537; x_wconf 75' lang='lat' dir='ltr'><strong>incendit,</strong></span> <span class='ocrx_word' id='word_1_199' title='bbox 1093 2463 1169 2526; x_wconf 80' lang='lat' dir='ltr'><strong>elias</strong></span> 
     </span>
     <span class='ocr_line' id='line_1_27' title="bbox 211 2541 1172 2627; baseline 0.004 -27"><span class='ocrx_word' id='word_1_200' title='bbox 211 2541 343 2602; x_wconf 86' lang='lat' dir='ltr'><strong>disiecit.</strong></span> <span class='ocrx_word' id='word_1_201' title='bbox 384 2541 501 2612; x_wconf 83' lang='lat' dir='ltr'><strong>Tenuit</strong></span> <span class='ocrx_word' id='word_1_202' title='bbox 527 2553 635 2612; x_wconf 79' lang='lat' dir='ltr'><strong>eutem</strong></span> <span class='ocrx_word' id='word_1_203' title='bbox 662 2563 696 2604; x_wconf 86' lang='lat' dir='ltr'><strong>se</strong></span> <span class='ocrx_word' id='word_1_204' title='bbox 720 2563 786 2604; x_wconf 92' lang='lat' dir='ltr'><strong>uno</strong></span> <span class='ocrx_word' id='word_1_205' title='bbox 812 2541 906 2617; x_wconf 87' lang='lat' dir='ltr'><strong>loeo,</strong></span> <span class='ocrx_word' id='word_1_206' title='bbox 932 2545 1081 2627; x_wconf 80' lang='lat' dir='ltr'><strong>quamdiu</strong></span> <span class='ocrx_word' id='word_1_207' title='bbox 1107 2542 1172 2615; x_wconf 81' lang='lat' dir='ltr'><strong>fuit</strong></span> 
     </span>
     <span class='ocr_line' id='line_1_28' title="bbox 210 2617 1170 2706; baseline 0.002 -27"><span class='ocrx_word' id='word_1_208' title='bbox 210 2620 322 2696; x_wconf 72' lang='lat' dir='ltr'><strong>hiems.</strong></span> <span class='ocrx_word' id='word_1_209' title='bbox 360 2617 427 2682; x_wconf 88' lang='lat' dir='ltr'><strong>Sed</strong></span> <span class='ocrx_word' id='word_1_210' title='bbox 450 2621 479 2701; x_wconf 73' lang='grc'><strong>5)</strong></span> <span class='ocrx_word' id='word_1_211' title='bbox 509 2622 599 2706; x_wconf 90' lang='lat' dir='ltr'><strong>qnod</strong></span> <span class='ocrx_word' id='word_1_212' title='bbox 626 2635 765 2686; x_wconf 83' lang='lat' dir='ltr'><strong>cestrum</strong></span> <span class='ocrx_word' id='word_1_213' title='bbox 791 2621 931 2693; x_wconf 78' lang='lat' dir='ltr'><strong>subsidio</strong></span> <span class='ocrx_word' id='word_1_214' title='bbox 958 2623 1078 2693; x_wconf 80' lang='lat' dir='ltr'><strong>habere</strong></span> <span class='ocrx_word' id='word_1_215' title='bbox 1105 2643 1170 2683; x_wconf 89' lang='lat' dir='ltr'><strong>uon</strong></span> 
     </span>
     <span class='ocr_line' id='line_1_29' title="bbox 210 2701 1169 2786; baseline 0 -24"><span class='ocrx_word' id='word_1_216' title='bbox 210 2711 357 2780; x_wconf 83' lang='lat' dir='ltr'><strong>poteret,</strong></span> <span class='ocrx_word' id='word_1_217' title='bbox 378 2712 412 2770; x_wconf 81' lang='lat' dir='ltr'><strong>et</strong></span> <span class='ocrx_word' id='word_1_218' title='bbox 431 2721 491 2764; x_wconf 80' lang='lat' dir='ltr'><strong>rer</strong></span> <span class='ocrx_word' id='word_1_219' title='bbox 509 2701 802 2786; x_wconf 72' lang='lat' dir='ltr'><strong>appropinquabat,</strong></span> <span class='ocrx_word' id='word_1_220' title='bbox 832 2701 976 2770; x_wconf 81' lang='lat' dir='ltr'><strong>simulate</strong></span> <span class='ocrx_word' id='word_1_221' title='bbox 995 2703 1169 2776; x_wconf 81' lang='lat' dir='ltr'><strong>deditione,</strong></span> 
     </span>
     <span class='ocr_line' id='line_1_30' title="bbox 211 2781 1168 2863; baseline 0.001 -23"><span class='ocrx_word' id='word_1_222' title='bbox 211 2781 287 2841; x_wconf 89' lang='lat' dir='ltr'><strong>dum</strong></span> <span class='ocrx_word' id='word_1_223' title='bbox 314 2781 356 2841; x_wconf 86' lang='lat' dir='ltr'><strong>de</strong></span> <span class='ocrx_word' id='word_1_224' title='bbox 384 2781 618 2845; x_wconf 85' lang='lat' dir='ltr'><strong>conditionibus</strong></span> <span class='ocrx_word' id='word_1_225' title='bbox 649 2792 783 2857; x_wconf 78' lang='lat' dir='ltr'><strong>tractet,</strong></span> <span class='ocrx_word' id='word_1_226' title='bbox 815 2781 992 2861; x_wconf 81' lang='lat' dir='ltr'><strong>praefectis</strong></span> <span class='ocrx_word' id='word_1_227' title='bbox 1018 2782 1168 2863; x_wconf 80' lang='lat' dir='ltr'><strong>Antigoni</strong></span> 
     </span>
     <span class='ocr_line' id='line_1_31' title="bbox 211 2859 1147 2942; baseline 0.002 -24"><span class='ocrx_word' id='word_1_228' title='bbox 211 2859 380 2941; x_wconf 83' lang='lat' dir='ltr'><strong>imposuit,</strong></span> <span class='ocrx_word' id='word_1_229' title='bbox 399 2879 501 2942; x_wconf 89' lang='lat' dir='ltr'><strong>seque</strong></span> <span class='ocrx_word' id='word_1_230' title='bbox 523 2879 559 2920; x_wconf 81' lang='lat' dir='ltr'><strong>ec</strong></span> <span class='ocrx_word' id='word_1_231' title='bbox 580 2880 654 2920; x_wconf 86' lang='lat' dir='ltr'><strong>suos</strong></span> <span class='ocrx_word' id='word_1_232' title='bbox 676 2879 786 2930; x_wconf 83' lang='lat' dir='ltr'><strong>omnes</strong></span> <span class='ocrx_word' id='word_1_233' title='bbox 807 2861 943 2922; x_wconf 79' lang='lat' dir='ltr'><strong>extraxit</strong></span> <span class='ocrx_word' id='word_1_234' title='bbox 963 2862 1147 2923; x_wconf 84' lang='lat' dir='ltr'><strong>incolumes.</strong></span> 
     </span>
     <span class='ocr_line' id='line_1_32' title="bbox 290 2937 1168 3034; baseline -0.002 -32"><span class='ocrx_word' id='word_1_235' title='bbox 290 2939 343 3002; x_wconf 88' lang='lat' dir='ltr'><strong>Vl.</strong></span> <span class='ocrx_word' id='word_1_236' title='bbox 368 2940 412 2999; x_wconf 85' lang='lat' dir='ltr'><strong>At</strong></span> <span class='ocrx_word' id='word_1_237' title='bbox 430 2939 516 3000; x_wconf 91' lang='lat' dir='ltr'><strong>hunc</strong></span> <span class='ocrx_word' id='word_1_238' title='bbox 537 2937 716 3019; x_wconf 82' lang='lat' dir='ltr'><strong>Olympias,</strong></span> <span class='ocrx_word' id='word_1_239' title='bbox 736 2951 839 3000; x_wconf 87' lang='lat' dir='ltr'><strong>mater</strong></span> <span class='ocrx_word' id='word_1_240' title='bbox 863 2960 945 3034; x_wconf 82' lang='lat' dir='ltr'><strong>quae</strong></span> <span class='ocrx_word' id='word_1_241' title='bbox 966 2940 1073 3003; x_wconf 81' lang='lat' dir='ltr'><strong>fuerat</strong></span> <span class='ocrx_word' id='word_1_242' title='bbox 1093 2941 1168 3002; x_wconf 83' lang='lat' dir='ltr'><strong>Alc-</strong></span> 
     </span>
     <span class='ocr_line' id='line_1_33' title="bbox 210 3015 1169 3102; baseline 0.002 -20"><span class='ocrx_word' id='word_1_243' title='bbox 210 3015 340 3096; x_wconf 70' lang='lat' dir='ltr'><strong>xendri,</strong></span> <span class='ocrx_word' id='word_1_244' title='bbox 367 3038 465 3102; x_wconf 77' lang='lat' dir='ltr'><strong>quum</strong></span> <span class='ocrx_word' id='word_1_245' title='bbox 487 3018 596 3090; x_wconf 77' lang='lat' dir='ltr'><strong>literne</strong></span> <span class='ocrx_word' id='word_1_246' title='bbox 622 3029 654 3079; x_wconf 89' lang='lat' dir='ltr'><strong>et</strong></span> <span class='ocrx_word' id='word_1_247' title='bbox 679 3019 812 3090; x_wconf 84' lang='lat' dir='ltr'><strong>nuncios</strong></span> <span class='ocrx_word' id='word_1_248' title='bbox 833 3019 970 3090; x_wconf 75' lang='lat' dir='ltr'><strong>misisset</strong></span> <span class='ocrx_word' id='word_1_249' title='bbox 989 3021 1022 3093; x_wconf 82' lang='lat' dir='ltr'><strong>in</strong></span> <span class='ocrx_word' id='word_1_250' title='bbox 1044 3021 1169 3100; x_wconf 69' lang='lat' dir='ltr'><strong>Asiam,</strong></span> 
     </span>
    </p>
   </div>
   <div class='ocr_carea' id='block_1_9' title="bbox 177 3149 369 3162">
    <p class='ocr_par' dir='ltr' id='par_1_10' title="bbox 177 3149 369 3162">
     <span class='ocr_line' id='line_1_34' title="bbox 177 3149 369 3162; baseline 0.005 -2"><span class='ocrx_word' id='word_1_251' title='bbox 177 3149 369 3162; x_wconf 64' lang='lat' dir='ltr'><strong>-nn——n--n</strong></span> 
     </span>
    </p>
   </div>
   <div class='ocr_carea' id='block_1_10' title="bbox 210 3207 1168 3406">
    <p class='ocr_par' dir='ltr' id='par_1_11' title="bbox 210 3207 1168 3406">
     <span class='ocr_line' id='line_1_35' title="bbox 261 3207 1168 3302; baseline -0.002 -28"><span class='ocrx_word' id='word_1_252' title='bbox 261 3221 289 3294; x_wconf 75' lang='grc'><strong>4)</strong></span> <span class='ocrx_word' id='word_1_253' title='bbox 317 3220 394 3274; x_wconf 76' lang='lat' dir='ltr'><strong>Leid.</strong></span> <span class='ocrx_word' id='word_1_254' title='bbox 420 3221 448 3272; x_wconf 85' lang='grc' dir='ltr'><strong>Β.</strong></span> <span class='ocrx_word' id='word_1_255' title='bbox 473 3221 552 3276; x_wconf 70' lang='lat' dir='ltr'><strong>Voss.</strong></span> <span class='ocrx_word' id='word_1_256' title='bbox 574 3224 606 3274; x_wconf 73' lang='lat' dir='ltr'><strong>Aa</strong></span> <span class='ocrx_word' id='word_1_257' title='bbox 627 3223 847 3302; x_wconf 74' lang='lat' dir='ltr'><strong>posterioribus,</strong></span> <span class='ocrx_word' id='word_1_258' title='bbox 872 3207 973 3302; x_wconf 76' lang='lat' dir='ltr'><strong>omisso</strong></span> <span class='ocrx_word' id='word_1_259' title='bbox 996 3221 1168 3287; x_wconf 59' lang='lat' dir='ltr'><strong>verber-idum</strong></span> 
     </span>
     <span class='ocr_line' id='line_1_36' title="bbox 210 3287 1167 3406; baseline 0.002 -68"><span class='ocrx_word' id='word_1_260' title='bbox 210 3307 292 3356; x_wconf 83' lang='lat' dir='ltr'><strong>quare</strong></span> <span class='ocrx_word' id='word_1_261' title='bbox 319 3287 497 3342; x_wconf 86' lang='lat' dir='ltr'><strong>emendarunt</strong></span> <span class='ocrx_word' id='word_1_262' title='bbox 528 3289 592 3406; x_wconf 68' lang='lat' dir='ltr'><strong>qdd.</strong></span> <span class='ocrx_word' id='word_1_263' title='bbox 622 3291 829 3360; x_wconf 80' lang='lat' dir='ltr'><strong>posterioribus</strong></span> <span class='ocrx_word' id='word_1_264' title='bbox 857 3291 1030 3342; x_wconf 73' lang='lat' dir='ltr'><strong>vertendus.</strong></span> <span class='ocrx_word' id='word_1_265' title='bbox 1057 3290 1093 3340; x_wconf 81' lang='lat' dir='ltr'><strong>ci.</strong></span> <span class='ocrx_word' id='word_1_266' title='bbox 1125 3291 1167 3340; x_wconf 89' lang='lat' dir='ltr'><strong>ed.</strong></span> 
     </span>
    </p>
   </div>
   <div class='ocr_carea' id='block_1_11' title="bbox 209 3356 1168 3548">
    <p class='ocr_par' dir='ltr' id='par_1_12' title="bbox 209 3356 1168 3548">
     <span class='ocr_line' id='line_1_37' title="bbox 210 3356 1167 3426; baseline -0.001 -19"><span class='ocrx_word' id='word_1_267' title='bbox 210 3358 287 3408; x_wconf 84' lang='lat' dir='ltr'><strong>lleid.</strong></span> <span class='ocrx_word' id='word_1_268' title='bbox 306 3385 340 3398; x_wconf 90' lang='lat'>—</span> <span class='ocrx_word' id='word_1_269' title='bbox 356 3357 383 3426; x_wconf 81' lang='lat'><strong>5)</strong></span> <span class='ocrx_word' id='word_1_270' title='bbox 401 3359 479 3422; x_wconf 74' lang='lat' dir='ltr'><strong>vulgo</strong></span> <span class='ocrx_word' id='word_1_271' title='bbox 499 3374 526 3406; x_wconf 86' lang='lat' dir='ltr'><strong>se</strong></span> <span class='ocrx_word' id='word_1_272' title='bbox 564 3361 708 3422; x_wconf 84' lang='lat' dir='ltr'><strong>omittitur3</strong></span> <span class='ocrx_word' id='word_1_273' title='bbox 726 3366 817 3409; x_wconf 88' lang='lat' dir='ltr'><strong>tuetur</strong></span> <span class='ocrx_word' id='word_1_274' title='bbox 828 3361 987 3424; x_wconf 80' lang='lat' dir='ltr'><strong>perticulam</strong></span> <span class='ocrx_word' id='word_1_275' title='bbox 1002 3356 1063 3410; x_wconf 85' lang='lat' dir='ltr'><strong>cod.</strong></span> <span class='ocrx_word' id='word_1_276' title='bbox 1081 3359 1167 3414; x_wconf 83' lang='lat' dir='ltr'><strong>Ernst.</strong></span> 
     </span>
     <span class='ocr_line' id='line_1_38' title="bbox 211 3421 1168 3493; baseline 0 -18"><span class='ocrx_word' id='word_1_277' title='bbox 211 3435 290 3493; x_wconf 82' lang='lat' dir='ltr'><strong>atque</strong></span> <span class='ocrx_word' id='word_1_278' title='bbox 316 3421 363 3476; x_wconf 62' lang='lat' dir='ltr'><strong>ed&lt;</strong></span> <span class='ocrx_word' id='word_1_279' title='bbox 389 3425 476 3474; x_wconf 78' lang='lat' dir='ltr'><strong>Brem.</strong></span> <span class='ocrx_word' id='word_1_280' title='bbox 505 3425 600 3476; x_wconf 85' lang='lat' dir='ltr'><strong>Tzscb.</strong></span> <span class='ocrx_word' id='word_1_281' title='bbox 626 3425 728 3474; x_wconf 84' lang='lat' dir='ltr'><strong>Giintb.</strong></span> <span class='ocrx_word' id='word_1_282' title='bbox 754 3426 840 3480; x_wconf 69' lang='grc' dir='ltr'><strong>Βίου.</strong></span> <span class='ocrx_word' id='word_1_283' title='bbox 867 3428 901 3478; x_wconf 81' lang='lat' dir='ltr'><strong>el.</strong></span> <span class='ocrx_word' id='word_1_284' title='bbox 937 3425 1025 3484; x_wconf 60' lang='lat' dir='ltr'><strong>Cede.</strong></span> <span class='ocrx_word' id='word_1_285' title='bbox 1053 3435 1080 3478; x_wconf 85' lang='lat' dir='ltr'><strong>et</strong></span> <span class='ocrx_word' id='word_1_286' title='bbox 1106 3424 1168 3478; x_wconf 85' lang='lat' dir='ltr'><strong>edd.</strong></span> 
     </span>
     <span class='ocr_line' id='line_1_39' title="bbox 209 3489 725 3548; baseline -0.008 -4"><span class='ocrx_word' id='word_1_287' title='bbox 209 3495 276 3548; x_wconf 84' lang='lat' dir='ltr'><strong>mire</strong></span> <span class='ocrx_word' id='word_1_288' title='bbox 293 3495 402 3548; x_wconf 78' lang='lat' dir='ltr'><strong>varient.</strong></span> <span class='ocrx_word' id='word_1_289' title='bbox 425 3493 459 3544; x_wconf 77' lang='lat' dir='ltr'><strong>cb</strong></span> <span class='ocrx_word' id='word_1_290' title='bbox 478 3492 557 3544; x_wconf 62' lang='grc' dir='ltr'>Βανά.</span> <span class='ocrx_word' id='word_1_291' title='bbox 577 3500 603 3542; x_wconf 87' lang='lat' dir='ltr'><strong>et</strong></span> <span class='ocrx_word' id='word_1_292' title='bbox 621 3489 725 3542; x_wconf 85' lang='lat' dir='ltr'><strong>Doehn.</strong></span> 
     </span>
    </p>
   </div>
   <div class='ocr_carea' id='block_1_12' title="bbox 0 0 1286 3872">
    <p class='ocr_par' dir='ltr' id='par_1_13' title="bbox 0 0 1286 3872">
     <span class='ocr_line' id='line_1_40' title="bbox 0 0 1286 3872; baseline 0 1"><span class='ocrx_word' id='word_1_293' title='bbox 0 0 1286 3872; x_wconf 95' lang='lat' dir='ltr'><strong> </strong></span> 
     </span>
    </p>
   </div>
  </div>
 </body>
</html>
