2564 3872
389 389 458 470 XV.
479 409 725 457 annumerans.
745 377 823 470 p&-
1043 394 1084 474 lle

125 559 210 622 esset
226 549 428 633 abrogatum,
444 559 540 634 atque
553 547 585 612 in
600 552 834 618 carumlocum
850 551 901 616 alii
914 562 1084 634 praetores

126 631 365 695 successissent:
395 631 628 711 Epaminondas
656 631 849 714 populiscito
873 655 937 696 nou
964 633 1125 712 paruit,li

124 707 274 792 idemque
295 722 331 768 ut
350 709 509 782 lacerent,
535 706 694 790 persuasit
718 712 867 794 collegis,
896 724 929 774 et
948 711 1084 781 bellum,

125 789 213 872 quod
241 801 442 869 susceperat,
477 790 584 868 gessit.
624 791 766 873 Namque
798 791 1084 862 animadvertebat,

123 867 184 928 nisi
206 866 240 928 id
260 865 407 941 lecisset,
428 877 533 926 totum
551 867 725 928 exercitum
747 883 882 962 propter
899 881 1085 951 praetorum

123 943 370 1028 imprudentiam
397 945 659 1028 inscientiamque
687 947 765 1008 belh
790 953 977 1028 periturum.
1017 945 1125 1008 Lex5

125 1038 195 1088 erat
217 1023 347 1099 Thebis,
368 1044 448 1108 qnae
470 1034 574 1086 morte
596 1027 760 1096 multabat,
781 1027 807 1087 si
828 1029 897 1111 quis
917 1028 1086 1108 imperium

77 1129 86 1144 ⁰
124 1103 245 1176 diutius
261 1103 460 1176 retinuisset,
475 1125 569 1185 quam
581 1107 654 1186 lege
668 1103 870 1186 praeliuitum
885 1107 981 1167 foret
996 1109 1086 1168 Hanc

123 1181 359 1264 Epaminondas
388 1204 487 1264 quum
514 1185 711 1278 reipublicae
733 1185 971 1248 conservandae
993 1205 1086 1246 cansa

123 1263 220 1322 latam
239 1260 380 1337 videret,
402 1261 441 1322 ad
461 1265 636 1343 pernic1em
649 1266 782 1344 civitatis
804 1265 953 1328 conl'errc
967 1266 1086 1341 noluit3

125 1353 160 1404 et
181 1353 320 1425 quatuor
338 1337 499 1404 mensibus
513 1341 649 1424 dintius,
670 1365 765 1428 quam
784 1347 924 1428 populus
944 1345 1087 1417 iusserat,

126 1421 226 1504 gessit
250 1420 434 1501 imperium:

206 1500 289 1561 Vlll.
321 1501 496 1582 Postquam
525 1497 655 1578 domum
675 1501 815 1565 reditum
842 1512 908 1581 est,
941 1501 1085 1582 collegae
1111 1525 1122 1559 ι

53 1589 56 1593 ’
125 1577 196 1640 eius
210 1577 273 1638 hoc
293 1577 423 1640 erimine
438 1579 676 1644 accusabantur.
710 1585 836 1666 Quibus
856 1583 920 1642 ille.
931 1581 1086 1664 permisit,

124 1670 162 1718 nt
181 1678 308 1718 omnem
331 1677 457 1719 eausam
479 1657 511 1719 in
530 1681 565 1720 se
586 1662 814 1737 transferrent,
843 1683 962 1744 suaque
989 1681 1089 1741 opera

123 1735 246 1796 factum
274 1737 519 1818 contenderent,
546 1750 583 1796 ut
609 1741 675 1821 legi
704 1760 767 1800 non
795 1739 974 1800 obedirent.
1016 1741 1089 1824 Qua

125 1815 314 1875 defensione
342 1814 404 1873 illis
427 1815 574 1895 periculo
596 1817 756 1894 liberatis,
783 1839 878 1878 nemo
900 1819 1091 1898 Epaminon·

125 1893 199 1968 dam
221 1911 454 1972 responsurum
497 1893 621 1970 utabat,
651 1896 756 1988 quod,
785 1895 863 1976 quid
890 1893 920 1972 a)
943 1895 1089 1955 diceret.

123 1994 190 2032 non
210 1970 354 2030 haberet.
387 1917 505 2033 atille
527 1970 558 2032 in
581 1971 733 2034 iudicium
754 1973 859 2035 venit:
879 1972 957 2034 nihil
978 1991 1129 2036 cornuto

123 2047 271 2132 negavit,
300 2069 382 2132 quae
404 2047 579 2113 adversarii
601 2053 724 2113 crimini
745 2053 877 2129 dabant,
907 2051 1091 2134 omniaque,

125 2151 208 2212 quac
230 2129 374 2210 collegae
397 2128 555 2206 dixerant,
578 2132 741 2194 confessus
758 2143 823 2208 est,
844 2154 883 2194 ne
909 2153 948 2193 ue
962 2151 1091 2192 recusa·

125 2209 190 2284 rit,
215 2229 280 2290 quo
305 2208 405 2267 minus
427 2211 507 2292 legis
528 2233 666 2292 poenam
687 2211 825 2288 subiret3
853 2154 1028 2274 sedunum
1050 2210 1089 2272 ab

126 2287 165 2352 iis
185 2287 318 2368 petivit,
346 2295 382 2347 ut
408 2287 438 2350 in
458 2291 606 2384 periculo
629 2311 686 2354 suo
709 2285 937 2356 inscriberent:
964 2295 992 2352 E
1019 2293 1092 2352 ami-

126 2367 247 2436 nondas
277 2389 294 2426 a
324 2365 482 2431 Thebanis
508 2384 613 2434 morte
643 2373 792 2432 multatus
820 2384 885 2446 est,
918 2395 982 2466 quo
1035 2391 1090 2430 eos

128 2446 239 2527 coe'git
262 2443 346 2538 apud
366 2447 506 2510 Leuctra
526 2471 680 2532 superare
702 2449 990 2526 Lacedaemomos,
1012 2470 1091 2532 quos

128 2538 200 2586 aute
223 2545 257 2583 se
285 2539 512 2602 imperatorem
539 2552 633 2591 nemo
660 2531 871 2592 Boeotiorum
903 2551 997 2591 aiisus
1028 2529 1091 2589 t'uit

128 2602 297 2684 adspicere
317 2601 349 2658 in
362 2606 455 2692 ‘acie3
486 2610 638 2690 quodque
666 2630 730 2669 uno
754 2609 879 2689 proelio
901 2632 964 2672 non
987 2610 1132 2678 solnmli

128 2681 256 2743 Thebas
292 2679 330 2740 ab
360 2683 490 2742 mteritu
521 2687 668 2757 retraxit,
701 2688 759 2746 sed
788 2687 883 2747 ctiam
910 2689 1091 2748 universam

129 2759 298 2822 Graeciam
319 2759 351 2818 in
374 2757 555 2824 libertatem
577 2765 767 2837 vindicavit,
797 2785 903 2848 eoque
924 2787 976 2824 res
1002 2777 1092 2826 utro-

127 2860 265 2922 rumque
286 2839 453 2920 perduxit,
473 2855 510 2902 ut
530 2843 674 2904 Thebani
694 2844 838 2938 Spartam
859 2856 1092 2926 oppugnarent,

129 2917 374 2984 Lacedaemonii
396 2919 470 2979 satis
494 2921 667 2996 haberent,
699 2945 725 2983 si
754 2924 831 2984 salvi
854 2943 922 2984 esse
944 2936 1074 3004 possent
1082 2945 1091 3001 3

129 3019 238 3080 neque
257 2995 346 3080 prius
366 3001 487 3061 bellare
505 2995 644 3077 destitit,
660 3025 753 3095 quam
765 2999 907 3062 Messena
922 3005 1092 3064 constituta
1111 3002 1131 3064 5

130 3080 245 3138 urbem
267 3099 379 3140 eorum
401 3077 565 3142 obsidione
584 3081 703 3140 elausit.
729 3085 816 3140 Haec
834 3103 931 3162 quma
950 3083 1091 3156 dixisset,

131 3158 215 3218 risus
238 3158 377 3219 omnium
393 3179 465 3219 cum
480 3159 638 3219 hilaritate
653 3171 784 3220 coortus
800 3172 863 3220 est:
886 3182 990 3242 neque
1009 3161 1093 3243 qnis-

132 3243 226 3320 quam
250 3236 347 3296 iudex
368 3259 463 3298 ansus
483 3251 531 3300 est
554 3239 594 3298 de
618 3259 656 3300 eo
683 3238 773 3298 ferre
802 3237 998 3322 sulliagium.
1039 3239 1092 3301 sic

133 3317 288 3378 aiudicio
311 3318 421 3401 eapitis
444 3319 578 3380 maxima
600 3317 745 3380 discessit
765 3317 877 3402 gloria.

129 3436 333 3459 .----·

184 3493 212 3562 4)
232 3492 333 3544 Giinth.
355 3496 418 3564 clici,
438 3491 521 3563 qttod·
538 3480 693 3548 clssDaehn.
