2524 3872
282 400 284 403 -
377 399 382 406 ι
437 431 491 496 VI.
516 449 698 494 atasnnnn.
718 431 747 494 3.
767 435 797 502 4.
1054 427 1096 502 43

134 601 186 650 tur
207 589 247 650 ad
262 588 383 650 bellum
398 589 573 672 gerendum
580 612 590 668 3
612 589 669 650 sed
689 589 732 650 ita
750 589 885 670 scripta,
904 597 941 648 ut
961 587 1096 648 deorum

134 669 300 729 videretur
322 687 500 760 congruere
530 669 720 744 sententiae,
776 691 848 730 uam
872 667 926 727 ille
951 687 986 726 se
1007 665 1096 726 habi·

133 759 260 824 turum,
280 765 414 884 pecuma
427 746 545 823 fidens,
565 769 629 808 non
650 691 822 808 dubitabat.
853 751 943 807 Hanc
965 745 994 806 ei
1019 745 1096 806 scri-

133 827 235 908 psisse
257 827 357 886 Ceon
376 826 632 886 Halicarnasseus
654 825 776 887 dieitur.

217 905 271 968 IV.
298 906 405 988 Atque
425 904 581 966 hocloco
602 926 665 965 non
689 917 739 964 est
758 905 1026 986 praetereundum
1048 904 1095 964 fa·
1119 927 1132 962 1

135 995 222 1046 ctum
235 983 445 1060 Pharnabazi,
466 985 597 1064 satrapis
613 984 702 1068 regii.
726 987 805 1044 Nam
822 1007 920 1067 quum
934 984 1097 1065 Lysander

132 1063 318 1202 praefectus
339 1063 445 1123 classis
466 1063 497 1122 in
518 1064 605 1126 bello
625 1065 724 1124 multa
744 1064 919 1125 crudeliter
934 1082 1095 1146 avareque
1137 1063 1141 1071 “

150 1143 280 1220 eoisset,
300 1144 406 1225 deque
426 1142 474 1203 his
496 1143 593 1202 rebus
615 1143 834 1226 suspicaretur
855 1145 894 1204 ad
916 1144 1000 1206 cives
1021 1144 1095 1204 suos

135 1242 206 1282 esse
227 1223 403 1302 perlatum,
430 1221 561 1302 petiita
586 1221 815 1298 Pharnabazo,
836 1235 873 1282 ut
893 1223 933 1284 ad
954 1221 1095 1303 ephoros

99 1323 102 1329 ’
135 1301 196 1360 sibi
208 1301 423 1362 testimonium
444 1301 552 1378 daret,
574 1313 690 1383 quanta
705 1302 1012 1362 sanctitate'bellum
1026 1321 1096 1382 ges-

136 1379 228 1441 sisset
249 1380 418 1463 sociosque
433 1391 601 1441 tractasset
618 1380 724 1464 deque
740 1401 777 1440 oa
794 1402 831 1442 re
853 1392 999 1442 accurate
1020 1378 1097 1440 sori-

135 1459 245 1523 beret:
265 1480 409 1542 magnam
425 1460 508 1520 enim
523 1459 591 1519 cius
613 1459 832 1522 auctoritatem
851 1460 883 1522 in
901 1480 938 1520 ea
957 1479 995 1518 re
1010 1458 1099 1519 futu-

134 1559 211 1598 ram.
231 1538 316 1598 Huic
329 1539 384 1600 ille
397 1538 575 1600 liberaliter
589 1540 777 1620 pollicetur3
792 1539 910 1598 librum
925 1531 1094 1619 gravemss)
1118 1551 1136 1592 a

134 1617 241 1676 multis
262 1617 371 1680 verbis
394 1616 602 1700 conscripsit,
629 1619 660 1678 in
688 1638 753 1702 quo
781 1619 909 1680 summis
934 1637 1008 1678 eum
1031 1615 1099 1676 fert

133 1695 291 1758 laudibus.
328 1697 434 1786 Quem
462 1717 561 1780 quum
584 1697 714 1778 legisset
745 1697 995 1780 probassetque,
1023 1695 1099 1754 dum

134 1776 292 1858 signatur,
314 1777 449 1835 alterum
470 1773 541 1854 pari
563 1774 795 1854 magnitudine,
816 1786 902 1834 tanta
923 1773 1099 1834 similitudi-

136 1875 194 1930 ne,
213 1865 250 1912 ut
271 1855 408 1912 discerni
421 1873 485 1912 non
499 1863 624 1930 posset,
645 1852 799 1932 signatum
813 1853 966 1928 subiecit,
987 1852 1020 1910 in
1034 1871 1098 1932 quo

138 1931 375 1992 accuratissime
395 1931 463 1990 eius
485 1929 645 1989 avaritiam
665 1927 898 2011 perfidiamque
924 1940 1097 2005 accusaret.

137 2011 221 2070 Hinc
237 2009 399 2088 Lysander
420 2009 551 2070 domum
574 2029 672 2090 quum
694 2007 846 2083 redisset,
868 2020 1038 2129 postquam
1059 2008 1099 2067 de
1120 2013 1140 2079 4

137 2089 201 2150 suis
216 2089 313 2149 rebus
329 2088 426 2170 gestis
441 2087 526 2172 apud
538 2087 707 2146 maximum
721 2087 937 2224 maqistratum
968 2085 995 2163 ),
1018 2107 1099 2170 quae

138 2170 304 2244 voluerat,
335 2168 472 2240 dixerat,
497 2165 668 2226 testimonii
690 2165 763 2226 loco
796 2165 902 2226 ibrum
923 2189 941 2227 a
962 2165 1100 2245 Pharna·

137 2247 219 2307 bezo
235 2247 343 2307 datum
361 2246 500 2307 tradidit.
526 2248 620 2304 Hunc
637 2257 795 2306 summoto
810 2247 989 2326 Lysandro,
1002 2265 1101 2328 quum

138 2327 253 2409 ephori
274 2337 479 2408 cognossent,
499 2325 559 2406 ipsi
583 2324 753 2405 legendum
777 2325 942 2390 dederunt.
981 2327 1026 2385 Ita
1045 2322 1100 2384 illo

138 2406 323 2488 imprudens
343 2407 413 2492 ipse
436 2425 511 2470 suus
531 2403 594 2465 l'uit
618 2415 794 2466 accusator.

538 2565 731 2581 nun—w

581 2695 649 2759 Vll.

428 2822 810 2885 ALCIBIADES.

560 2953 660 2970 ..ι-ιμ-

494 3053 752 3106 ARGUMENTUM.

193 3171 258 3240 Cap.
270 3173 291 3222 1.
311 3174 349 3226 De
363 3173 512 3227 Alcibiadis
529 3189 628 3238 genera
646 3171 832 3224 atria-tutibus.
850 3200 882 3212 —
900 3173 933 3224 11.
952 3175 991 3226 De
1004 3169 1102 3222 educa·

141 3241 216 3291 tione
231 3250 257 3291 et
271 3241 401 3291 moribus.
415 3269 450 3279 -
466 3241 513 3290 Ill.
532 3241 592 3291 Dux
609 3249 702 3291 contra
716 3241 892 3306 Syracusanos
906 3241 1025 3292 delectus
1042 3236 1104 3305 (416

143 3325 159 3358 a
168 3309 232 3358 Chr.
243 3307 281 3376 n.)
298 3311 325 3359 in
336 3309 517 3378 suspicionem
530 3309 629 3360 civium
641 3322 751 3358 suorum
761 3307 864 3358 incidit.
874 3333 909 3348 -
925 3310 971 3362 IV.
985 3309 1103 3358 Domum

146 3429 312 3440 ......-..,,,-,,

194 3488 222 3556 8)
242 3490 277 3542 el·
289 3489 387 3540 librum
399 3489 549 3557 grandem,
565 3492 598 3543 cl.
611 3495 697 3544 Brem.
708 3520 741 3532 -
757 3491 785 3560 9)
812 3489 941 3541 Giinthe
953 3485 1013 3537 cod.
1025 3480 1102 3534 Laid.

143 3561 176 3609 Α·
193 3561 327 3610 maximos
344 3559 526 3626 magistratus
535 3595 544 3621 ,
563 3576 617 3611 non
635 3557 718 3612 male!
736 3561 776 3612 ci.
789 3558 866 3612 Dhn.
877 3557 942 3621 ibiq.
961 3551 1034 3601 laud.

1202 681 1214 715 Ι
