2524 3872
188 403 226 469 ta
487 392 540 456 IV.
564 409 745 462 ursauoun.⁴
770 407 797 451 a.
817 391 845 452 3.

191 543 345 614 mitteret.
386 552 513 609 Horum
541 549 573 609 in
602 569 769 610 numerum
789 567 883 609 nemo
908 546 1155 622 admittebatur,

190 632 252 691 nisi
276 631 329 714 qui
352 640 404 690 aut
426 628 491 688 eius
515 627 654 708 hospitio
677 630 914 704 contineretur,
937 639 992 687 aut
1013 648 1048 688 se
1067 627 1154 686 illius

190 710 264 772 fore
285 707 452 788 proprium
474 705 536 770 lide
557 701 780 768 confirmarat(

249 789 306 848 ΙΙΙ.
335 791 380 847 lta
399 787 603 846 decemvirali
622 799 784 867 potestate
805 786 837 845 in
859 786 1003 847 omnibus
1017 783 1155 844 urbibus

195 867 381 941 constituta,
404 865 501 945 ipsius
522 877 602 924 nutu
623 866 726 932 omnia
747 865 948 948 gerebantur.
990 864 1086 926 Cuius
1112 863 1173 922 de,

194 945 383 1006 crudelitate
411 964 447 1004 ac
468 942 602 1024 perfidia
620 945 693 1004 satis
715 958 764 1006 est
787 966 880 1004 unam
902 965 988 1019 rem,
1017 963 1106 1003 exem
1133 942 1156 1000 li

216 1024 311 1100 ratia,
336 1023 504 1109 proferre,
535 1044 575 1084 nc
606 1024 646 1083 de
678 1025 793 1086 eodem
823 1024 915 1110 plura
940 963 1154 1092 enumerando

153 1123 171 1164 2
194 1045 409 1185 defatigemus
429 1103 578 1164 lectores.
602 1104 717 1166 Victor
738 1125 777 1163 ex
799 1103 873 1162 Asia
893 1123 989 1184 quum
1011 1112 1156 1162 reverte-

194 1193 303 1258 retur,
325 1181 528 1264 Thasumque
545 1183 752 1259 devertisset,
773 1183 862 1266 quod
879 1201 915 1241 ea
935 1181 1043 1242 civitas
1061 1199 1157 1272 prae-

194 1261 286 1340 cipua
301 1258 363 1320 fide
378 1261 485 1321 fuerat
499 1283 575 1344 erga
584 1261 805 1336 Athenienses,
819 1261 954 1342 proinde
970 1279 1006 1320 ac
1022 1259 1048 1319 si
1059 1259 1156 1318 andem

194 1337 364 1400 firmissimi
387 1342 531 1400 solerent
555 1361 625 1401 esse
650 1340 757 1417 amici,
787 1342 843 1422 qui
871 1351 1047 1400 constantes
1076 1337 1156 1396 fuis-

150 1419 171 1480 3
192 1429 261 1478 sent
278 1419 405 1495 inimici,
425 1440 494 1480 eam
510 1431 817 1500 pervertereconcu
841 1420 906 1480 ivit.
931 1418 1022 1482 Vidit
1038 1428 1156 1488 autem,

190 1496 248 1556 nisi
268 1496 300 1554 in
317 1517 356 1558 eo
372 1499 563 1560 occultasset
583 1499 795 1573 voluntatem,
815 1441 979 1573 Futurum,
999 1509 1036 1558 ut
1050 1495 1157 1555 Thasii

191 1575 428 1651 dilaberentur,
450 1580 716 1659 consulerentque
738 1579 834 1639 rebus
857 1578 930 1638 suis.
948 1579 969 1656 †
990 1579 1010 1658 †
1030 1578 1051 1656 †
1074 1573 1105 1653 ⁶)

254 1655 305 1714 ΙΙΙ.
328 1657 424 1735 †††
452 1657 564 1738 ltaque
584 1657 617 1716 hi
639 1657 886 1718 decemviralem
908 1677 994 1717 suam
1040 1665 1157 1715 otesta·

189 1744 255 1792 tem
270 1733 308 1792 ab
325 1735 380 1794 illo
396 1737 597 1797 constitutam
612 1734 641 1814 7)
657 1737 862 1796 sustulerunt.
888 1735 962 1830 Quo
977 1678 1090 1796 doiore
1109 1734 1156 1792 in-

195 1831 308 1871 census
323 1813 391 1874 iniit
412 1817 558 1894 consilia,
579 1836 673 1898 reges
689 1816 1014 1876 Laccdaemomorum
1028 1815 1156 1874 tollere.

191 1887 260 1948 Sed
274 1893 447 1970 sentiebat,
468 1894 501 1954 id
518 1917 552 1956 se
571 1901 638 1956 sine
655 1915 717 1975 ope
731 1894 865 1955 deorum
882 1894 990 1954 facere
1007 1915 1069 1954 non
1085 1913 1156 1974 pos·
1196 1948 1205 1958 ,

191 1987 245 2044 sc,
265 1972 353 2051 quod
366 1973 609 2036 Lacedaemonii
624 1973 727 2035 omnia
742 1974 781 2034 ad
797 1976 926 2034 oracula
940 1972 1068 2033 referre
1082 1993 1156 2032 con-

74 2095 76 2105 .
153 2062 171 2104 2
196 2063 375 2110 sueverant.
399 2053 541 2112 Primum
557 2052 702 2132 Delphos
720 2072 929 2132 corrumpere
950 2065 999 2112 est
1017 2063 1156 2112 conatus.

194 2125 303 2208 Quum
318 2129 352 2208 id
374 2151 436 2190 non
456 2133 630 2210 potuisset,
652 2131 821 2192 Dodonam
840 2133 971 2192 adortus
993 2144 1050 2190 est.
1074 2131 1156 2190 Hinc

193 2226 325 2291 quoque
340 2210 488 2288 repulsus
510 2211 604 2286 dixit,
629 2231 662 2270 sc
677 2223 753 2272 vota
770 2213 964 2292 suscepisse,
987 2231 1069 2291 quae
1090 2209 1157 2270 lovi

192 2286 362 2346 Hammoni
376 2289 533 2350 solveret:
556 2291 751 2366 existimans,
772 2311 805 2350 sc
829 2291 927 2350 Afros
944 2291 1069 2350 facilius
1086 2309 1156 2349 cor-

151 2364 170 2427 3
193 2376 375 2444 rupturum.
417 2370 493 2440 Hae
515 2391 695 2464 spe-quum
717 2369 886 2448 profectus
910 2381 994 2430 esset
1014 2369 1046 2428 in
1071 2367 1156 2428 Afri·

194 2461 280 2519 cam,
301 2447 436 2506 multum
461 2470 534 2508 eum
557 2449 708 2510 antrstites
732 2449 816 2510 lovis
841 2448 1038 2508 fefellerunt.
1079 2451 1157 2506 Nam

193 2541 257 2580 non
273 2525 375 2583 solum
397 2529 560 2610 corrumpi
581 2551 644 2590 non
663 2539 854 2608 potuerunt,
878 2529 935 2587 sed
957 2528 1051 2588 etiam
1072 2528 1157 2608 lega·

193 2611 244 2660 tos
261 2603 532 2668 Lacedaemonem
549 2611 721 2683 miserunt,
744 2608 799 2690 qui
815 2608 1009 2686 Lysandrum
1031 2625 1156 2666 aecusa-

191 2691 280 2757 rent,
294 2683 382 2764 quod
396 2688 580 2748 sacerdotes
600 2687 665 2748 i'ani
681 2707 891 2766 corrumpere
913 2697 1043 2746 conatus
1061 2695 1152 2746 esset.

152 2759 367 2852 4Accusatus
394 2763 456 2826 hoc
485 2769 632 2842 crimine,
664 2767 869 2859 iudicumque
899 2766 1062 2830 absolutus
1087 2784 1156 2824 sen·

192 2840 316 2915 tenuis,
342 2841 563 2907 Orchomeniis
590 2847 703 2906 missus
734 2845 893 2921 subsulio,
918 2845 1041 2905 occisus
1066 2855 1116 2904 est
1140 2864 1156 2901 a

152 2913 351 3009 eutichianis
374 2925 457 3003 apud
478 2929 664 2986 Haliartum.
686 2979 690 2990 ,
713 2925 817 3010 Quam
840 2945 918 2986 vere
944 2925 984 2983 de
1007 2944 1047 2982 eo
1069 2923 1156 2984 foret
1215 2980 1223 2989 ,

192 2996 379 3077 iudicatum,
401 3007 503 3066 oratio
523 3007 640 3066 indicio
662 3004 742 3082 fnit,
764 3025 846 3088 quac
868 3015 943 3085 post
963 3014 1101 3063 mortem
1124 3004 1153 3060 in

193 3073 288 3134 domo
305 3079 371 3138 eius
387 3097 517 3162 reperta
540 3098 603 3162 est,
625 3086 657 3144 in
676 3105 739 3167 qua
758 3085 870 3143 suadet
886 3082 1154 3156 Lacedaemoniis,

192 3165 244 3232 ut,
266 3159 354 3240 regia
369 3174 528 3241 potestate
543 3165 714 3242 dissoluta,
737 3183 777 3224 ex
798 3162 943 3224 omnibus
959 3161 1022 3221 dux
1040 3159 1156 3243 deliga·

156 3306 355 3328 Μ

244 3383 272 3451 6)
294 3386 390 3437 desunt
408 3392 509 3452 multa,
528 3393 562 3440 cl.
582 3392 660 3441 Heus.

247 3451 273 3517 7)
297 3453 333 3501 itu
357 3454 436 3503 codd.
462 3456 509 3504 Ax.
531 3458 647 3524 Guelpb.
666 3458 733 3508 Dan.
762 3485 794 3497 -
817 3461 861 3510 alii
885 3459 971 3508 aliter.
997 3457 1076 3508 Bosio
1096 3471 1153 3508 tua·

195 3517 276 3570 dente
294 3521 388 3587 itaque
405 3523 482 3587 vulgo
496 3533 557 3574 ante
571 3526 695 3597 lacunam
709 3536 824 3593 ponunt.
