2564 3872
3 729 5 842 l

416 380 719 487 {Vlssaaosmsa
744 438 771 482 ι.
1043 439 1081 506 oi
1152 505 1157 526 Ι

119 581 289 646 viotom'am
308 579 467 642 funestam
509 578 628 640 utabat.
669 576 775 656 lolem,
803 592 977 669 postquam
998 583 1085 668 apud

120 659 291 723 Cadmeam
303 679 376 722 oum
389 663 477 727 Laoe,
498 657 651 720 demoniis
666 659 801 750 pugnari
815 673 966 756 coeptum
980 675 1029 723 eat
1042 657 1084 742 9),

118 739 286 822 inprimis
313 739 412 802 stetit.
452 739 556 798 Huius
584 736 625 796 do
653 738 825 799 virtutibus
853 753 983 824 vitaque
1010 745 1127 816 satiza

121 823 183 883 orit
199 821 337 893 dictum,
356 818 384 878 si
403 817 467 878 hoo
480 837 579 877 unum
600 813 793 894 adiunxero,
816 819 904 902 quod
920 841 1015 886 nemo
1033 833 1086 882 eat

119 901 253 974 infitias,
274 896 402 958 Thebas
418 907 451 957 et
466 907 537 956 ante
551 893 803 1031 Epaminondam
818 911 943 976 natum,
964 911 1086 984 etpost

120 979 189 1040 aias
202 976 378 1052 meritum,
417 985 554 1058 erpetuo
569 995 586 1034 a
599 973 673 1034 ieno
685 973 828 1053 paruisse
843 977 978 1057 impetio
983 1001 993 1058 3
1010 999 1086 1042 con·

120 1069 173 1120 tra
200 1075 257 1132 ea,
288 997 441 1150 quamaliu
467 1054 523 1114 ille
572 1051 730 1112 raefuerit
751 1054 964 1148 reipublicae,
989 1071 1085 1148 caput

119 1137 220 1198 l'uisse
240 1147 343 1198 totius
361 1133 527 1196 Graeciae.
581 1154 602 1190 x
622 1151 687 1216 quo
702 1131 837 1228 intelligi
851 1146 970 1218 potest,
985 1157 1084 1205 unum
1134 1186 1137 1193 .

120 1215 282 1281 homiaem
305 1214 426 1302 plutis,
447 1232 543 1300 quam
565 1211 746 1292 civitatem,
764 1211 878 1281 tunae.

519 1377 725 1398 m

571 1510 658 1575 xvt.

443 1639 782 1706 PELOPIDAS.

588 1777 689 1798 ῃ

481 1871 742 1928 ARGUMENTUM.

176 2009 242 2077 Cap.
261 2005 283 2058 1.
305 2003 517 2057 Lacedaemonii
531 2005 695 2075 Cadmeam,
711 2006 867 2060 Thebarum
880 1999 988 2074 iteam,
1007 2025 1091 2062 occa·

125 2085 206 2148 pant,
225 2090 341 2125 summas
359 2080 508 2140 potestates
524 2076 579 2126 suis
598 2079 690 2128 amicis
708 2076 787 2140 dant,
805 2075 890 2139 alios,
909 2077 936 2126 in
954 2075 994 2127 his
1012 2079 1092 2128 Pelo-

127 2145 234 2216 pidam,
252 2144 280 2194 in
299 2141 408 2192 exilium
425 2141 537 2192 eliciunt
559 2142 622 2212 (383
641 2161 666 2198 a.
683 2144 732 2196 Ch.
750 2143 800 2211 m).
818 2172 853 2184 -
875 2143 911 2193 11.
933 2145 1093 2214 Pelopidas,

126 2212 236 2264 Athenis
257 2209 447 2261 coniuratione
470 2209 556 2275 sacta,
583 2229 645 2264 cum
672 2211 819 2262 duodecim
843 2211 966 2262 exulibus
984 2213 1092 2264 Thebas

125 2279 277 2330 revertitur.
294 2306 328 2317 —
346 2275 392 2326 lll.
414 2276 567 2329 interiectis
584 2281 702 2350 tyrannis
721 2279 875 2332 libertatem
892 2281 996 2348 patriae
1014 2281 1092 2334 resti·

125 2348 177 2397 tuit
196 2345 259 2411 (378
275 2361 299 2396 a.
317 2343 381 2394 ctn.
397 2343 438 2460 ng
453 2372 488 2384 —
505 2345 553 2397 lv.
571 2348 611 2398 De
627 2349 741 2420 propria
753 2347 903 2420 Pelopidae
921 2347 1002 2399 laude
1021 2350 1093 2400 allis·

126 2431 180 2482 que
194 2430 255 2464 cum
268 2413 418 2478 Epaminon
440 2427 471 2462 ae
483 2417 682 2466 communibus.
698 2443 731 2455 -
746 2414 781 2465 V.
799 2414 901 2468 Contra
910 2415 1092 2470 Alexandrum

125 2481 278 2532 Pheraeum
295 2494 415 2545 pugnans
431 2478 505 2530 cadit
525 2478 589 2549 (364
608 2499 632 2534 a.
650 2482 716 2537 ctn.
733 2479 784 2549 m).

206 2625 230 2684 1.
249 2624 459 2698 Paaoemas,
472 2623 662 2703 Thebanus,
683 2627 782 2710 magia
797 2628 976 2706 historicis,
997 2651 1094 2716 quam
1118 2652 1131 2690 ι

129 2704 185 2769 vul
210 2725 247 2781 o,
275 2713 382 2764 notus.
423 2701 523 2762 Cuius
546 2703 587 2762 de
608 2704 778 2766 virtutibus
807 2707 920 2768 dubito
944 2709 1098 2790 quemad·

129 2726 262 2846 molum
283 2800 458 2862 exponam,
480 2779 569 2872 quod
588 2803 726 2862 vereor,
746 2805 788 2846 ne
815 2786 862 2866 ¹),
882 2785 909 2846 si
929 2805 982 2846 ree
999 2788 1099 2880 expli·

130 2883 205 2924 care
222 2861 385 2942 incipiam,
400 2879 465 2919 non
475 2870 574 2921 vatam
588 2860 659 2920 eius
676 2882 846 2942 enarrare,
859 2864 917 2925 sed
931 2864 1098 2928 historiam

130 2943 245 3006 videar
273 2939 437 3015 seriber03
474 2937 501 2997 si
530 2941 749 3005 tantummodo
777 2963 914 3004 summas
933 2944 1098 3027 attigero,

130 3042 172 3082 ne
192 3019 326 3080 rudibus
346 3019 514 3079 literarum
530 3016 733 3079 ,Graecarum
753 3022 856 3082 minus
877 3022 983 3084 lucide
1003 3044 1100 3116 appa·

131 3111 219 3178 reat,
240 3109 375 3184 quantus
396 3095 498 3161 faerit
518 3095 576 3158 ille
597 3096 656 3160 vir·
690 3099 802 3185 ltaque
824 3099 957 3185 utrique
977 3122 1026 3166 net
1045 3121 1099 3164 oo·

138 3237 325 3256 m

183 3307 218 3387 9)Ι
229 3307 299 3358 Dhn.
317 3308 407 3379 coepit
413 3343 423 3371 ,
442 3324 499 3366 non
510 3311 599 3376 male;
617 3305 699 3362 codd.
709 3309 786 3362 Leid.
799 3310 827 3364 Β.
839 3309 917 3364 Voss.
929 3309 961 3364 Α.
972 3325 1101 3380 pugnare

136 3385 309 3510 mappam
321 3443 482 3522 particulam
494 3445 588 3497 Lamb.
600 3445 704 3517 pnimus
717 3441 839 3516 addidit,
853 3443 937 3501 codd.
950 3462 1005 3499 non
1018 3462 1101 3516 agno·

138 3518 225 3563 scunt.
236 3509 315 3562 ileos.
332 3511 448 3578 legitate
467 3528 524 3564 non
537 3515 623 3567 vitam
640 3520 693 3567 cet·
