2564 3872
220 395 276 456 wll
494 397 608 466 xvttt
630 422 793 472 sununs.
813 431 843 492 7.
863 413 895 476 8.

216 577 367 652 credens,
383 567 518 636 'minore
548 591 584 632 se
603 567 719 630 invidia
740 569 830 645 sore,
866 574 893 636 si
920 578 1029 658 specis
1049 579 1177 664 imperii

215 658 411 744 nominisque
439 654 638 718 simulatione
661 650 836 714 Alexandri
858 653 979 719 bellurn
1007 659 1176 724 videretur

173 743 192 808 3
217 737 444 801 administrare.
484 734 584 834 Quod
609 740 644 794 et
670 729 758 794 fecit
807 735 887 796 Nam
917 759 1016 820 quum
1043 762 1106 802 non
1134 743 1174 802 ad

213 820 363 882 Eumenis
385 815 557 899 principra,
576 813 635 875 sed
651 812 690 872 nd
708 813 798 896 regia
812 815 1055 898 conveniretur,
1076 834 1174 906 atque

212 901 256 960 ibi
285 901 326 961 de
355 897 452 962 rebus
481 895 734 969 deliberaretur,
764 893 1001 978 quodammodo
1035 899 1172 981 latebat,

212 998 310 1064 quum
331 987 437 1040 tamen
459 996 520 1060 per
540 995 613 1036 eum
633 991 730 1034 unum
750 983 943 1057 gererentur
968 979 1083 1040 omnis.

168 1073 173 1087 ¹
292 1059 371 1120 Vlll.
393 1059 455 1120 Hic
479 1059 510 1117 in
530 1051 711 1116 Paraetacis
732 1073 804 1114 cum
825 1053 988 1137 Antigono
1010 1057 1170 1140 conilixit,

209 1157 271 1198 non
296 1137 363 1200 acie
383 1139 551 1213 instructa,
570 1131 627 1195 sed
649 1133 681 1193 in
701 1131 833 1196 itinere:
856 1154 929 1195 eum
975 1159 994 1198 e
1014 1140 1097 1200 male
1120 1163 1171 1204 ao·

208 1228 336 1282 rentum
358 1215 388 1280 in
407 1215 543 1278 Mediam
566 1211 740 1274 hiematum
758 1213 867 1296 eoiigit
886 1234 923 1276 re
947 1238 1005 1277 rre.
1045 1221 1058 1277 l
1082 1240 1116 1281 se
1137 1223 1170 1284 in

207 1295 336 1358 finitima
365 1294 500 1374 regione
526 1293 667 1356 Persidis
698 1293 872 1355 hiematum
900 1314 939 1355 co
965 1297 1009 1356 ias
1065 1299 1170 1380 misit,

168 1402 185 1444 a
207 1397 269 1441 non
285 1385 320 1436 nt
334 1378 453 1440 voluit.
469 1377 526 1437 sed
542 1385 578 1435 ut
590 1371 724 1434 militum
739 1373 877 1457 cogebat
894 1394 935 1434 vo
972 1387 1051 1436 ntas.
1074 1381 1170 1442 Nam-

206 1477 269 1542 que
290 1456 343 1518 illa
364 1456 497 1536 phalanx
520 1451 690 1516 Alexandri
715 1453 835 1535 Magni,
859 1473 941 1536 quae
963 1456 1070 1517 Asiam
1093 1481 1169 1540 per-

205 1545 330 1617 agrarat
351 1537 571 1619 diviseratque
587 1535 719 1609 Persas,
740 1535 918 1596 inveterata
939 1557 1038 1618 quum
1052 1539 1168 1619 gloria,

204 1627 271 1675 tum
296 1614 389 1676 etiam
410 1616 552 1691 lieentia,
574 1635 637 1673 non
658 1635 773 1694 parere
797 1635 832 1676 se
855 1611 1007 1691 ducibus,
1030 1619 1088 1678 sed
1108 1620 1168 1680 im·

109 1689 115 1700 ”
204 1714 320 1772 perare
342 1692 540 1777 postulabat3
569 1703 606 1754 ut
631 1714 715 1754 nune
741 1693 882 1756 veterani
906 1693 1028 1756 faciunt
1053 1701 1164 1761 nostri.

203 1775 313 1858 ltaque
336 1773 515 1856 perieulum
530 1787 595 1850 est,
619 1793 660 1834 ne
680 1773 813 1850 faciant,
836 1773 925 1856 quod
945 1774 990 1834 illi
1012 1774 1165 1841 fecerunt

203 1875 258 1916 sua
283 1853 522 1934 intemperantia
545 1852 705 1936 nimiaque
726 1855 871 1927 lieentia,
901 1863 938 1914 ut
960 1856 1065 1916 omnia
1089 1877 1165 1938 per·

203 1935 295 2009 dant,
318 1955 424 2020 neque
443 1933 543 1998 minus
566 1957 631 2012 eos,
654 1953 726 1994 cum
748 1932 865 2017 quibus
889 1936 1048 2011 steterint,
1070 1959 1165 2020 quam

160 2023 181 2088 3
200 2015 351 2078 adversus
369 2034 449 2098 quos
464 2013 611 2078 fecerint.
644 2011 742 2102 Quod
760 2014 786 2075 si
805 2011 875 2098 quis
894 2013 1021 2074 illorum
1037 2027 1165 2080 reters-

199 2115 312 2156 norum
326 2093 413 2190 legat
427 2094 528 2171 facta,
542 2095 630 2176 paria
643 2093 758 2154 horum
772 2105 955 2234 cognoscat,
971 2115 1078 2178 neque
1093 2119 1165 2160 rem

200 2174 394 2247 ullam,n1si
418 2185 566 2254 ternpus,
594 2174 749 2234 interesse
774 2172 807 2234 iu
829 2175 903 2234 icet.
946 2173 1012 2236 Sed
1030 2175 1069 2235 ad
1091 2177 1165 2238 illos

201 2263 357 2314 revertar.
398 2251 540 2312 Hiberna
567 2263 747 2314 sumserunt
777 2276 841 2316 non
872 2252 912 2312 ad
941 2275 1035 2316 usum
1065 2252 1163 2335 belli,

200 2331 257 2392 sed
277 2330 477 2391 odiosorum
498 2329 672 2401 luxuriam,
698 2333 860 2418 longeque
880 2333 964 2393 inter
986 2355 1021 2394 se
1043 2333 1164 2396 disces-

157 2423 178 2489 4
200 2421 309 2472 serant
328 2402 370 2484 9).
409 2411 482 2471 Hoc
504 2409 680 2494 Antigonus
703 2430 801 2495 quum
820 2413 1047 2504 comperisset,
1069 2414 1164 2476 intel·

198 2491 380 2572 ligeretque
409 2511 443 2550 se
468 2509 579 2572 parem
606 2512 669 2551 non
699 2512 769 2555 esse
801 2503 919 2573 parans
951 2494 1162 2572 adversariis,

199 2570 308 2630 statuit
345 2569 464 2653 aliquid
497 2567 557 2632 sihi
592 2568 716 2632 consilii
748 2572 823 2635 nori
856 2589 927 2634 esse
959 2573 1160 2653 capiendum.

196 2650 288 2710 Duae
314 2662 403 2710 erant
425 2651 513 2727 viae,
542 2671 605 2730 qua
625 2671 666 2711 ex
686 2650 804 2727 Medis,
829 2651 886 2713 ubi
906 2652 961 2712 ille
982 2652 1160 2728 hiemabat,

153 2733 176 2794 ’5
196 2729 236 2791 sd
256 2730 510 2792 adversariorum
524 2728 728 2792 hibernacula
748 2745 860 2814 posset
876 2732 1049 2812 perveniri.
1072 2734 1159 2812 Qua-

195 2831 267 2870 rum
287 2808 420 2872 brevior
441 2832 501 2892 per
520 2809 593 2871 loca
615 2809 759 2886 desertm
777 2832 862 2895 quae
883 2831 977 2872 nemo
996 2813 1159 2874 incolebat

219 2901 332 2968 ropter
361 2911 462 2972 aquae
476 2889 644 2971 inopiam,
668 2901 813 2958 osterum
843 2890 968 2952 dierum
990 2902 1060 2962 erat
1084 2891 1157 2954 sere

193 2910 323 3042 decem3
347 2968 400 3029 illa
427 2981 550 3043 autem,
596 2990 635 3028 ua
658 2990 767 3032 ornnes
788 2969 1024 3047 commeabant,
1052 2971 1156 3035 altero

194 3059 281 3109 tanto
302 3045 483 3128 longiorem
501 3048 584 3109 hnbe
608 3059 641 3109 at
654 3048 850 3126 anfractum,
865 3048 922 3112 sed
938 3063 1009 3110 erat
1026 3051 1155 3132 copiosa

155 3126 174 3188 6
195 3127 399 3208 omniumque
419 3147 527 3195 rerunt
549 3127 719 3190 abundans.
743 3133 813 3192 Hac
833 3129 860 3192 si
879 3127 1155 3212 proficisceretur,
1196 3151 1203 3160 ·

184 3205 408 3288 intelligebat,
427 3207 516 3290 prius
538 3205 737 3273 adversarios
758 3210 936 3274 rescituros
958 3208 999 3271 de
1020 3229 1078 3272 suo
1099 3211 1155 3271 ad-

193 3361 393 3375 ,ι--ι-ι-ι-

243 3435 271 3501 9)
298 3431 377 3486 codd.
395 3448 489 3486 omues
507 3431 707 3486 omrem-am.
723 3430 815 3488 Lamb.
834 3432 1017 3487 emendationi
1037 3433 1153 3488 debetur

192 3501 386 3554 discernamus&
