2564 3872
411 439 510 514 ΧΠ.
532 455 678 500 amicus.
698 451 747 497 sc·
768 453 816 495 rs.
1019 435 1074 502 ⁸53

118 621 231 686 saepe,
261 619 356 697 quam
377 593 495 676 vellet,
526 597 633 678 Attico
663 597 846 675 l'rueretur,
875 593 981 658 nullus
1008 596 1076 661 dlet

116 699 240 747 temere
269 679 448 742 intercessit
468 679 498 761 ⁵)
545 697 609 762 quo
638 698 701 738 non
731 678 772 739 ad
798 697 872 738 eum
900 676 1076 752 scriberet,
1102 684 1110 722 '-

117 785 217 849 quum
239 759 336 823 modo
359 756 480 840 aliquid
500 722 541 817 de
557 755 741 839 antiquitate
763 758 802 820 ab
823 777 864 818 eo
884 757 1076 840 requireret,

116 843 213 906 modo
235 840 372 922 aliquam
391 835 450 922 [ei]
471 835 503 915 t>)
536 835 754 920 quaestionem
777 836 935 918 poetieam
954 856 1076 918 propo·

116 933 227 998 neret,
247 917 408 980 interdum
422 917 529 976 iocans
545 914 612 976 cius
634 915 841 978 verbosiores
861 915 1076 996 eliceret-epi-

117 1003 224 1062 stolas.
247 1000 296 1059 Ex
311 1017 375 1081 quo
390 994 514 1072 accidit,
536 1014 640 1080 quum·
658 995 745 1058 aedis
767 994 798 1076 7)
819 995 903 1057 Iovis
923 994 1076 1070 Feretrii,
1095 987 1116 1054 3

117 1081 149 1140 in
174 1077 330 1160 Capitolio
357 1075 396 1136 ab
426 1075 565 1136 Romulo
594 1074 774 1153 constituta,
799 1083 958 1139 vetustate
981 1085 1076 1155 atque

117 1159 238 1225 incuria
259 1157 386 1217 detecta
398 1153 640 1236 prolaberetur,
658 1165 696 1215 ut
709 1155 809 1216 Attici
823 1151 985 1214 admonitu
998 1155 1077 1214 Cae·

118 1257 171 1298 sar
193 1257 263 1298 eam
290 1233 492 1296 reficiendam
522 1244 659 1294 curaret.
706 1236 754 1294 Ne
778 1254 820 1294 ue
852 1251 932 1296 rero
962 1231 1002 1293 ab
1032 1232 1117 1302 Md}

117 1317 258 1380 Antonio
287 1315 390 1376 minus
422 1313 532 1373 absens
566 1312 667 1372 literis
700 1315 772 1376 cole
796 1323 881 1374 atars
913 1312 1013 1389 adeo,
1040 1321 1077 1372 ut

118 1407 264 1456 accurate
286 1395 340 1456 ille
365 1412 405 1454 ex
432 1392 551 1454 ultimis
584 1391 696 1470 terris,
730 1393 807 1477 quid
837 1403 969 1474 egeret,
1023 1391 1078 1450 uid

22 1475 24 1482 '
118 1495 215 1536 curae
236 1473 296 1533 sibi
316 1472 470 1551 haberet,
490 1473 662 1534 certiorem
683 1471 808 1534 faceret
822 1472 971 1532 Atticum.
1037 1481 1077 1532 oe
1098 1466 1117 1529 5

119 1555 213 1639 quale
232 1553 288 1630 sit,
308 1551 432 1612 facilius
448 1552 638 1612 existimabit
653 1551 694 1627 is,
714 1551 768 1646 qui
787 1551 928 1612 iudicare
937 1549 1077 1690 poterit,
1111 1553 1114 1592 ἲ

118 1643 254 1716 quantae
277 1631 318 1691 sit
338 1631 520 1711 sapientiae,
542 1651 655 1693 eorum
667 1644 809 1692 retinere
830 1653 922 1690 usum
961 1642 1078 1691 eneruss

118 1711 332 1802 letitiamque,
352 1709 434 1768 inter
455 1728 536 1790 quos
553 1708 758 1768 maximarum
772 1729 881 1769 rerum
895 1731 960 1772 non
975 1711 1077 1770 solum

120 1790 306 1868 aemulatio,
327 1788 384 1847 sed
405 1787 597 1850 obtrectatio
617 1797 704 1848 tanta
724 1788 956 1864 intercedebat,
980 1807 1078 1870 quau-

119 1881 184 1930 tam
205 1869 267 1930 l'uit
287 1866 430 1928 incidere
453 1885 584 1926 necesse
604 1866 688 1926 inter
709 1868 876 1929 Caesarem
899 1877 993 1949 atquc
1017 1867 1080 1926 Aa:

120 1949 261 2026 tunium,
280 1967 379 2031 quum
394 1965 430 2004 se
447 1957 586 2027 uterque
599 1945 775 2026 principem
792 1965 855 2007 non
872 1945 974 2006 solunt
989 1944 1080 2005 urbis
1174 1951 1178 1963 '

121 2029 301 2102 Romanae,
322 2025 379 2085 sed
401 2024 488 2086 erbis
506 2036 664 2085 terrarum
683 2045 755 2086 esse
777 2035 920 2106 cuperet.

199 2109 283 2168 xxl.
315 2105 384 2165 Tali
415 2103 512 2166 modo
543 2123 641 2186 quum
673 2115 798 2186 septem
818 2116 851 2166 et
880 2101 1080 2186 septuaginta
1104 2123 1116 2160 ι

122 2207 218 2248 annos
243 2185 452 2266 complesset,
481 2193 579 2266 atque
609 2183 650 2244 ad
680 2195 853 2245 extremam
881 2195 1080 2245 senectutem

122 2287 185 2328 neu
205 2265 305 2326 minus
325 2265 487 2346 dignitate,
508 2284 604 2346 quarn
627 2263 728 2345 gratis
747 2262 943 2348 fortunaque
964 2262 1082 2338 crevis-¹
1116 2267 1121 2288 ‘¹

123 2357 189 2422 set,
222 2345 350 2426 (multas
377 2345 458 2404 enim
483 2341 677 2405 hereditates
700 2343 786 2404 nulla
814 2345 874 2404 alia
897 2363 953 2420 re,
985 2362 1080 2425 quam

123 2425 281 2497 bonitate,
304 2435 354 2484 est
373 2423 579 2500 consecutus)
602 2435 688 2484 tanta
712 2443 752 2485 ue
773 2423 989 2506 prosperitate
1006 2441 1082 2480 usus

124 2515 209 2564 esset
241 2502 455 2572 valetudinis,
499 2514 534 2560 ut
570 2505 657 2562 annis
686 2444 717 2580 l)
755 2504 887 2584 triginta
925 2499 1081 2563 medicina
1108 2573 1110 2578 Α

123 2602 187 2643 uon
207 2579 412 2659 indiguisset:
437 2590 546 2640 nactus
567 2591 617 2638 est
631 2581 796 2656 morbum,
820 2602 916 2662 quem
932 2579 1025 2640 initio
1048 2590 1081 2639 et
1102 2591 1121 2633 s

124 2662 194 2742 ipse
221 2669 255 2718 et
283 2657 399 2717 medici
433 2667 682 2728 contemserunt.
721 2659 800 2716 Nam
829 2671 981 2736 putarunt
1011 2677 1082 2716 esse

124 2751 307 2809 tenesmon,
335 2736 387 2796 cui
413 2733 555 2796 remedia
584 2735 700 2795 celeria
726 2734 897 2872 faciliaque
908 2734 1082 2872 d'proponess

125 2818 250 2877 bantur.
277 2816 312 2874 ln
327 2814 390 2876 hcc
405 2833 502 2897 quum
518 2824 584 2873 tres
599 2825 723 2874 menses
739 2813 806 2874 sine
822 2814 892 2873 ulis
930 2811 1083 2889 oloribus,
1103 2811 1122 2874 3

126 2906 351 2979 praeterquam
380 2913 462 2978 quos
490 2913 530 2952 ex
561 2893 724 2954 curatione
746 2893 908 2974 capiebat,
940 2909 1084 2952 consutus

127 2977 234 3037 sisset:
256 2972 361 3036 subito
383 2985 468 3036 tanta
488 2970 535 3033 vis
556 2974 662 3035 morbi
684 2973 715 3036 in
736 2990 834 3036 unum
857 2967 888 3052 9)
903 2970 1084 3064 intestinum
1107 3061 1113 3073 .

128 3103 314 3122 W

181 3174 208 3242 5)
231 3175 269 3223 ita
293 3171 376 3225 codd.
398 3179 425 3222 et
446 3169 600 3237 complures
625 3177 686 3218 vett.
712 3165 791 3230 edd,
819 3164 863 3215 elii
885 3165 1070 3216 intercesserit
1077 3183 1087 3225 ,·

130 3251 268 3310 praeterea
286 3241 389 3291 addunt
410 3249 499 3286 tumen
525 3245 585 3303 post
604 3252 698 3286 vocem
723 3234 792 3284 dies.
820 3257 853 3270 -
879 3232 908 3298 6)
934 3235 1008 3284 deest
1034 3233 1088 3284 boc

131 3325 282 3378 pronomen
307 3309 334 3357 in
360 3305 422 3356 ced.
442 3304 576 3370 Guelph.,
599 3305 651 3353 iam
679 3304 842 3367 Heusingero
870 3310 1031 3368 suspectum.
1054 3329 1087 3342 -

133 3376 160 3443 7)
189 3377 224 3424 ila
248 3374 329 3426 codd.
356 3372 472 3440 Guelph.
497 3366 575 3422 Voss.
602 3373 632 3420 C.
654 3372 709 3420 Gil.
730 3368 820 3420 Mend.
841 3371 925 3418 —al
944 3367 1033 3418 aedes.
1057 3395 1088 3412 -ι

183 3442 211 3507 8)
230 3445 265 3493 ita
284 3440 402 3507 Guelph.
418 3441 495 3489 Voss.
513 3439 545 3488 Α.
565 3439 596 3487 C.
608 3441 708 3488 mistiae
725 3443 788 3486 vett.
807 3433 869 3486 edd.
886 3461 921 3475 -
938 3429 972 3486 dl.
991 3453 1088 3488 unitos.

184 3510 212 3578 9)
231 3509 332 3560 Duelrn.
354 3525 368 3558 e
386 3506 447 3558 cod.
466 3505 589 3572 Grrelpb,
607 3505 682 3556 dedit
699 3507 729 3558 in
746 3506 828 3556 imum
843 3504 1008 3555 t'utesuisum.
1082 3535 1085 3542 ι
