2564 3872
459 425 461 432 ·
495 403 608 470 XXIV.
631 427 726 468 caro.
756 383 794 466 rs
830 396 838 403 ’
1065 409 1122 470 135

161 561 386 627 Romanorum
399 567 557 649 explicare
578 569 804 662 imperatores:
827 588 892 651 quo
911 560 1034 627 facilius
1057 565 1121 626 col·

162 645 231 705 latis
259 658 472 732 utrorumque
496 647 606 725 factis,
638 669 694 730 qur
719 648 781 711 viri
809 645 1014 730 praeferendi
1041 644 1120 716 sint,

162 725 261 804 possit
282 724 427 786 iudicari.
816 733 820 742 “

568 861 783 878 -Ι-ιιιι--ι-ῦ

585 989 699 1056 XXIV.

441 1124 482 1188 Μ.
507 1119 691 1186 PORCIUS
714 1120 842 1184 CATO.

166 1298 168 1305 ,
276 1269 320 1314 rx
340 1273 442 1318 nasso
463 1253 671 1322 rosruuinuu
695 1271 853 1317 cosman
878 1273 1027 1316 suroris.

513 1491 772 1546 ARGUMENTU'M.

208 1615 273 1688 Cap.
296 1621 316 1670 1.
344 1621 428 1686 Cato,
456 1626 639 1688 Tusculanus,
665 1627 692 1674 ln
714 1626 820 1680 Sabinis
847 1625 964 1691 primum
990 1630 1120 1686 versatur,

159 1685 256 1736 deinde
271 1687 382 1740 Romam
400 1689 540 1744 demivrat.
573 1692 692 1742 Primum
714 1693 770 1741 eius
785 1690 956 1757 stipendium.
984 1691 1123 1740 Tribunus

157 1753 272 1801 rnilitum
288 1754 315 1801 in
338 1755 438 1808 Sicilia.
463 1767 467 1776 ’
496 1757 592 1807 srtiter
609 1765 718 1826 ¹pugnat
745 1755 817 1824 apud
842 1757 948 1806 Senam.
985 1757 1121 1822 Quaestor

159 1821 187 1868 P.
214 1819 348 1886 Scipionis
372 1821 500 1875 Africani.
536 1823 636 1874 Aedilis
661 1823 749 1890 plebis
779 1839 841 1873 curn
872 1821 976 1876 Helvio.
1007 1825 1122 1872 Praetor

127 1945 132 1952 ι
159 1885 308 1936 Sardiniam
335 1887 455 1954 obtinet,
481 1891 595 1940 Ennium
623 1892 734 1940 Romam
761 1888 881 1940 deducit.
907 1913 941 1928 σ-
966 1887 1000 1937 Π.
1018 1886 1122 1937 Consul

160 1968 221 2008 carn
239 1952 270 2002 L.
281 1954 392 2006 Valerio
404 1954 579 2022 Flaooo(195
595 1973 619 2006 a.
633 1955 772 2025 Curru),
790 1954 941 2021 Hispaniam
958 1953 1122 2021 provinciam

161 2020 340 2085 nanciscitur,
365 2021 437 2075 unde
461 2024 560 2074 frustra
581 2023 725 2078 Africanus
748 2039 811 2074 enm
834 2022 975 2090 depellere
998 2027 1122 2072 conatur.

160 2087 283 2136 Censura*
305 2091 418 2153 graviter
445 2089 578 2156 iungitur,
608 2106 657 2159 per
682 2106 790 2141 omnem
813 2097 928 2140 aetatem
954 2086 1123 2154 reipublicae

161 2169 251 2204 caussa
280 2155 432 2207 inimicitias
462 2159 581 2227 suscipit.
608 2187 641 2200 -·-
667 2157 714 2208 111.
743 2158 854 2208 Catonis
875 2155 977 2209 lauder.
1008 2154 1123 2221 Scripsit

162 2219 285 2272 historias
303 2231 330 2274 et
349 2225 495 2281 orationes.

238 2368 260 2424 1.
282 2369 392 2448 Creo,
413 2381 502 2432 ortus
524 2371 696 2458 municipio
715 2369 876 2440 Tusculo,
900 2369 1119 2432 adolescentn·
1144 2385 1156 2424 ι

161 2444 227 2518 lus,
248 2447 434 2529 priusquam
446 2449 622 2532 honoribus
637 2471 768 2544 operam
784 2451 893 2525 daret,
908 2461 1054 2510 versatus
1072 2455 1122 2504 est

162 2524 192 2580 in
216 2522 358 2599 Sabinis,
380 2525 468 2606 quod
490 2527 537 2585 ibi
556 2527 725 2588 heredium
745 2551 763 2588 a
783 2540 876 2606 patre
900 2527 1047 2587 relictum
1064 2523 1122 2582 lra-

162 2600 267 2660 bebat.
294 2603 433 2661 Hortatu
453 2604 489 2660 L.
505 2605 626 2667 Valerii
648 2605 773 2679 Flacci,
794 2623 890 2685 quem
904 2605 935 2664 in
955 2603 1122 2665 consulatu

162 2697 359 2760 censuraque
377 2678 488 2738 habuit
509 2681 683 2762 collegam,
701 2694 738 2741 ut
758 2677 800 2740 Μ’.
819 2681 983 2761 Perperna
999 2685 1122 2742 'Censo-

162 2757 227 2816 rius
248 2778 378 2818 narrare
399 2757 510 2822 solitus
524 2770 582 2836 est,
602 2762 737 2823 Romam
754 2758 959 2840 demigravit,
980 2759 1012 2818 in
1033 2757 1122 2819 foro-

162 2857 225 2918 que
250 2857 320 2896 esse
344 2835 460 2916 coepit.
500 2837 645 2897 Primum
673 2836 866 2918 stipendium
888 2837 1005 2895 meruit
1028 2855 1160 2904 anno-a

117 2923 120 2928 '
161 2936 231 2976 rum
242 2915 357 2976 decern
371 2925 581 2997 septemque,
603 2916 643 3002 Q.
657 2912 759 2977 Fabio
775 2918 818 2977 M.
833 2913 965 2975 Claudio
989 2915 1018 2994 ⁵)
1041 2917 1123 2976 Con-

160 2994 292 3054 sulibus.
334 2993 494 3056 Tribunus
524 2995 658 3056 militum
679 2996 710 3054 in
733 2994 839 3054 Sicilia
867 2992 938 3052 fuit.
978 2993 1056 3054 Inde
1080 3003 1124 3051 ut

160 3072 272 3150 rediit,
293 3084 393 3134 castra
417 3082 546 3132 secutus
568 3085 617 3134 est
638 3075 673 3134 C.
695 3071 817 3134 Claudii
832 3070 983 3145 Neronis,
1004 3069 1123 3152 magni-

161 3172 224 3232 que
261 3171 361 3232 opera
389 3151 457 3214 eius
485 3151 659 3213 existimata
688 3149 718 3230 6)
743 3161 798 3212 est
824 3149 856 3212 in
881 3149 1008 3230 proelio
1038 3147 1127 3228 apud

174 3276 357 3294 affl

186 3409 188 3414 .
209 3354 236 3422 5)
255 3362 316 3404 ante
334 3353 411 3404 Bard.
428 3354 470 3414 ed.
489 3355 551 3406 min.
568 3355 660 3420 vulgo:
681 3355 714 3418 Q.
731 3349 815 3404 Fabio
831 3350 964 3409 Maxim,
983 3347 1022 3398 Μ,
1038 3321 1130 3396 Clam.

160 3419 384 3538 {sppllljiaaerppllm
413 3421 447 3471 ci.
467 3421 569 3474 Daehn.
593 3449 627 3462 -
649 3419 678 3487 6)
706 3420 799 3472 Lamb.
821 3419 895 3471 dedit
915 3417 1076 3476 uestrinatn,
1095 3421 1124 3464 at
