2564 3872
174 437 228 501 1'52
446 427 545 495 XXV.
568 439 713 490 urricus.
740 426 864 487 rii—eo.

129 597 288 673 fidimus,
308 615 348 658 ne
369 593 437 655 elus
458 607 572 670 expers
593 597 677 648 esset
697 585 868 648 suavitatis.
890 587 970 648 Nam
1016 596 1121 646 evera

168 677 272 752 sibus,
301 674 356 813 qql
383 672 508 734 honore
530 687 703 749 rerumque
730 677 891 748 gestarum
916 687 986 746 amp
1000 662 1121 726 itudine

169 767 294 827 eeteros
349 749 452 814 omani
475 746 585 832 populi
608 746 855 830 praestiterunt,
884 745 1031 839 exposuit
1059 742 1121 818 ita,

129 836 205 899 (sut
228 834 286 898 sub
314 829 510 914 singulorum
535 825 722 905 imaginibus
752 823 838 885 facta
856 835 1121 961 magistratusque

168 933 281 979 eorum
301 932 364 974 non
385 907 517 990 amplius
542 904 705 987 quaternis
730 903 874 988 quinisve
898 904 1043 966 versibus
1085 920 1117 960 es

169 990 350 1071 scripserim
374 985 461 1074 quod
482 987 534 1046 vix
557 983 754 1043 credendum
777 982 835 1060 sit,
858 995 959 1048 tantas
980 1003 1033 1042 res
1056 991 1122 1040 tam

168 1069 312 1133 breviter
337 1066 479 1150 potuisse
510 1062 674 1127 declarari.
715 1064 773 1123 Est
800 1063 893 1124 etiam
920 1082 1009 1140 riuus⁸
1029 1057 1123 1135 liber,

168 1149 292 1215 Graece
316 1145 500 1219 coniectus,
523 1142 563 1203 (le
585 1141 749 1202 consulatu
769 1142 940 1204 Ciceronis.

247 1225 331 1291 XIX.
355 1226 520 1286 Hactenus
532 1220 640 1282 Attico
655 1221 731 1282 vivo
747 1221 830 1282 edita
844 1221 924 1282 haec
942 1219 972 1302 2)
991 1241 1009 1282 a
1029 1215 1123 1282 nobis

163 1317 250 1368 sunt.
280 1307 388 1380 Nunc,
410 1302 558 1385 quoniam
578 1298 707 1360 fortuna
719 1321 777 1362 noa
799 1301 985 1385 superstites
1005 1299 1036 1359 ei
1051 1317 1122 1358 esse

168 1383 289 1462 voluit,
312 1384 435 1465 reliqua
455 1397 704 1462 persequemur,
732 1393 782 1456 et,
831 1392 957 1440 nantum
980 1377 1124 1459 potueri·

168 1484 238 1524 mus
259 1459 308 1546 ³),
333 1482 441 1526 rerum
464 1457 616 1541 exemplis
647 1458 785 1520 lectores
809 1401 1014 1534 lucebimus,
1041 1456 1126 1516 sicut

169 1562 264 1629 supra
288 1537 547 1624 significavimus,
572 1555 647 1596 suos
669 1538 784 1622 cuique
805 1559 911 1602 mores
932 1538 1124 1628 plerumque

131 1637 148 1679 a
170 1620 338 1686 conciliare
362 1617 532 1680 fortunam.
574 1617 715 1710 Namque
744 1617 796 1679 hic
821 1627 986 1680 contentus
1012 1614 1124 1676 ordine

170 1699 331 1782 equestri,
351 1718 416 1782 quo
439 1707 509 1758 erat
528 1706 634 1771 ortus,
655 1717 691 1758 m,
706 1695 888 1760 allinitatem
908 1695 1054 1778 pervenit
1067 1693 1125 1753 im-

169 1778 325 1862 peratoris
345 1775 496 1842 Divi-tilii
518 1777 567 1854 ⁴⁸),
588 1795 686 1858 quum
707 1774 768 1838 iam
789 1790 860 1838 unte
880 1773 1126 1835 familiaritatem

170 1857 237 1919 eius
260 1869 344 1924 esset
364 1866 558 1917 consecutus,
582 1853 667 1912 nulla
689 1854 747 1913 alia
769 1877 824 1933 re,
850 1873 945 1940 quam
968 1851 1126 1916 eleeantia

169 1935 270 2012 vitae,
292 1957 355 2024 qua
377 1945 501 2002 ceteros
523 1943 654 2014 ceperat
672 1933 833 2015 principes
854 1933 1003 2009 civitatis,
1047 1931 1127 2014 igni·

130 2019 234 2080 itate
255 2015 343 2098 pari,
364 2011 495 2076 fortuna
513 2011 694 2077 humiliore.
736 2015 835 2074 'I'anta
856 2015 939 2078 enim
962 2009 1126 2095 prosperi-

170 2102 217 2161 tas
233 2097 400 2158 Caesarem
421 2104 470 2153 est
486 2103 666 2166 consecuta,
687 2102 723 2151 ut
742 2093 819 2156 nihil
840 2093 871 2153 ei
890 2113 954 2152 non
975 2088 1126 2151 tribuerit

169 2169 316 2249 fortuna,
336 2170 424 2254 quud
445 2170 589 2254 cuiquam
607 2181 678 2232 ante
694 2170 861 2247 detulerit3
884 2183 917 2231 et
940 2169 1126 2244 conciliarit,

58 2266 61 2272 ·
192 2251 258 2316 uod
283 2269 377 2318 nemo
405 2248 508 2312 adhuc
541 2249 619 2310 civis
647 2249 808 2314 Romanus
837 2251 938 2345 quivit
965 2247 1126 2330 consequi.

131 2271 250 2405 iaetu
275 2339 324 2390 est
344 2338 450 2392 autem
470 2327 577 2388 Attico
599 2329 703 2406 neptis
727 2350 766 2394 ex
782 2332 942 2422 Agrrppa,
964 2327 1015 2393 cui
1029 2327 1126 2408 virgi-

170 2428 241 2477 nem
263 2404 358 2468 liliam
380 2404 564 2469 collocaret.
605 2407 694 2466 Hanc
716 2408 849 2486 Caesar,
869 2429 922 2471 vrx
942 2407 1126 2480 anniculam,

170 2485 302 2556 Tiberio
324 2481 456 2545 Claudio
471 2483 605 2559 Neroni,
626 2485 769 2548 Drusilla
783 2499 875 2564 nato,
893 2487 1038 2580 privigno
1054 2504 1125 2560 suo,

158 2563 355 2645 ‘despondits
392 2581 475 2643 quae
506 2564 685 2626 coniunctio
719 2566 982 2628 necessitudmem
1012 2583 1125 2626 eorum

169 2643 287 2719 sanxit,
307 2639 548 2708 lamiliaritatem
570 2643 711 2707 reddidit
730 2644 994 2727 frequentiorem.

251 2723 320 2788 XX.
345 2721 499 2805 Quamvis
520 2733 591 2782 ante
620 2723 699 2782 hacc
727 2725 881 2804 sponsalia
915 2744 979 2786 non
1010 2723 1125 2799 solum,

169 2822 268 2888 quum
291 2801 330 2865 eb
347 2801 429 2862 urbe
452 2799 597 2875 abesset,
615 2822 787 2894 numquam
808 2803 1001 2862 adsacrum
1040 2823 1125 2863 uem·

169 2902 263 2966 quam
283 2881 392 2940 literas
413 2877 516 2953 misit,
545 2879 621 3016 quin
642 2881 750 2940 Attico
774 2881 934 2956 mitteret,
956 2824 1037 2966 quil
1053 2899 1126 2962 age·

169 2971 237 3032 ret,
260 2957 431 3050 imprimis,
456 2956 532 3038 quid
570 2967 698 3038 egeret,
717 2959 897 3043 quibusque
921 2961 952 3019 in
974 2959 1073 3034 locis,
1092 2971 1125 3019 et

131 3055 266 3119 aquam
285 3036 340 3102 dut
365 3047 450 3096 esset
471 3047 665 3098 moraturus:
699 3037 890 3116 sedetiam,
918 3059 1017 3132 quum
1042 3049 1127 3098 esset

170 3115 202 3177 in
216 3113 318 3192 urbe,
338 3124 372 3177 et
392 3125 528 3201 propter
543 3133 614 3179 suas
634 3111 767 3182 infinitas
784 3131 1010 3200 occupatrones
1024 3117 1125 3176 minus

173 3276 367 3300 m

220 3349 249 3428 a)
271 3351 350 3428 vulgo
368 3349 435 3399 laec
451 3349 493 3399 vel
511 3349 639 3400 omittunt
657 3348 697 3426 rel
718 3348 868 3401 includunt.
886 3333 921 3401 cl.
938 3351 980 3424 gd,
1000 3350 1077 3402 lleid.
1094 3378 1142 3405 -x

159 3413 859 3552 aaalnsmnassa-,nn
878 3420 957 3483 rr
