2524 3872
451 372 518 478 vit.
551 421 807 489 incrassatae.
1003 429 1009 438 “
1029 421 1069 493 47

107 571 265 668 prodesse
280 591 377 655 posse
394 567 426 650 7)
441 569 648 664 reipublicae,
671 593 709 632 ex
726 593 763 633 ea
779 573 920 650 eiecisse,
934 573 1070 656 plusque

108 674 174 714 rrae
196 671 289 729 suae,
323 673 418 734 quam
437 652 563 711 utilitati
588 653 747 712 communi
763 654 919 732 paruisse.
960 655 1071 737 Itaque

107 731 199 792 huius
222 731 352 792 consilio
371 730 615 791 Lacedaemonii
630 750 699 789 cum
715 734 886 790 Persarum
899 752 979 813 rege
997 735 1072 793 ami-

39 840 41 846 ·
108 811 212 872 citiam
226 809 392 884 i'ecerunt3
416 807 532 868 deinde
547 809 721 868 Deceleam
735 806 765 886 ὃ)
782 809 814 868 in
829 811 935 870 Attica
952 813 1077 872 munie-

107 901 199 964 runt,
221 887 445 969 praesidioque
466 887 511 946 ibi
535 899 695 966 perpetuo
721 889 827 967 posito
855 889 886 948 in
908 889 1071 954 obsidione

107 968 247 1029 Athenas
268 977 451 1026 tenuerunt.
493 965 646 1024 Eiusdem
670 986 768 1046 opera
790 967 906 1027 Ioniam
931 991 948 1028 a
972 971 1073 1030 socie*
1148 997 1150 1004 >

107 1059 173 1108 tate
192 1056 379 1109 averterunt
393 1043 644 1104 Atheniensium.
671 1045 745 1132 Quo
761 1044 850 1105 facto
864 1046 964 1108 multo
980 1067 1073 1129 supe·

107 1126 212 1187 riores
233 1125 321 1186 bello
345 1142 416 1184 csse
440 1135 624 1203 coeperunt.

113 1231 117 1237 ’
172 1205 212 1268 V.
232 1207 345 1286 Neque
360 1221 443 1264 vero
457 1201 507 1261 his
521 1201 618 1262 rebus
640 1214 704 1262 tam
720 1203 810 1263 amici
823 1202 980 1264 Alcibiadi
1000 1219 1072 1267 sunt
1097 1231 1109 1268 ι

107 1283 203 1358 faeti,
220 1303 313 1364 quam
327 1283 445 1341 timore
459 1281 497 1340 ab
514 1301 553 1341 eo
565 1282 703 1342 alienati.
724 1285 803 1342 Nam
820 1305 916 1366 quum
926 1285 1073 1344 acerrimi

108 1363 169 1424 viri
183 1359 399 1442 praestantem
413 1360 612 1440 prudentiam
628 1361 821 1421 in‘omnibus
837 1363 935 1422 rebus
955 1382 1074 1442 cogno·

108 1452 253 1518 suerent,
275 1442 528 1522 pertimuerunt,
547 1459 589 1498 ne
603 1441 733 1501 caritate
747 1442 869 1521 patriae
887 1441 1000 1502 ductus
1020 1441 1073 1501 ali-

108 1519 235 1602 quando
259 1521 298 1580 ab
322 1519 398 1600 ipsis
423 1517 633 1596 descisceret,
654 1533 687 1580 et
709 1541 782 1580 eum
804 1521 866 1579 suis
887 1520 918 1580 in
940 1519 1074 1602 gratiam
1139 1530 1141 1536 '

106 1597 238 1658 rediret.
278 1600 391 1680 ltaque
419 1609 546 1733 tempprs
576 1599 643 1657 eius
674 1595 884 1658 interficiendi
914 1619 1072 1682 quaerere

107 1677 322 1739 instituerunt.
364 1676 400 1735 Id
422 1675 492 1734 Alci
515 1676 578 1734 iadi
602 1677 719 1736 diutius
744 1678 842 1736 celari
865 1699 927 1738 non
948 1679 1071 1758 potuit:
1094 1697 1112 1739 α

108 1767 179 1815 erat
200 1756 283 1815 enim
305 1776 344 1814 ea
367 1755 553 1835 sagacitate,
574 1766 613 1828 ut
631 1755 737 1833 decipi
754 1775 818 1814 non
832 1767 958 1834 posset,
982 1777 1075 1836 prae·

108 1834 219 1893 sertim
236 1855 335 1914 quum
350 1834 486 1890 animum
503 1833 686 1890 attendisset
701 1832 740 1889 ad
757 1834 942 1893 cavendum.
963 1838 1075 1914 Itaque

107 1913 148 1972 ad
166 1911 430 1990 Tissaphernem,
453 1908 653 1988 praefectum
672 1911 757 1988 regis
778 1911 884 1984 Darii,
907 1929 942 1968 se
964 1923 1076 1970 contu-

106 1992 155 2051 lit.
179 1989 276 2049 Cuius
292 2008 390 2071 quum
409 1987 441 2046 in
461 1985 601 2045 intimam
617 1987 782 2047 amicitiam
802 1988 1019 2070 pervenisset,
1041 1989 1113 2050 ete

107 2067 369 2142 Atheniensium,
389 2067 471 2126 male
493 2067 589 2146 gestis
612 2065 643 2124 in
663 2065 768 2127 Sicilia
788 2068 902 2146 rebus,
928 2088 1006 2160 opes
1027 2087 1076 2128 se-

107 2166 261 2222 nescere,
286 2159 398 2207 eontra
417 2144 742 2206 Lacedaemoniorum
765 2167 912 2207 erescere
932 2148 1075 2224 videret3
1146 2191 1152 2222 ,

108 2227 197 2287 initio
221 2245 294 2284 cum
310 2225 464 2285 Pisandro
480 2227 644 2303 praetore,
667 2225 721 2306 qui
742 2228 827 2307 apud
842 2225 969 2286 Samum
985 2245 1077 2286 exer·

109 2306 207 2366 citum
230 2304 384 2379 habebat,
412 2323 473 2384 per
496 2304 710 2366 internuntios
730 2307 942 2390 colloquitur,
974 2317 1007 2366 et
1034 2306 1075 2364 de

108 2383 216 2443 reditu
239 2405 296 2444 suo
318 2382 395 2444 facit
412 2383 614 2445 mentionem.
648 2382 727 2444 Erat
748 2386 831 2444 enim
853 2387 984 2459 eodem,
1009 2403 1074 2467 quo

109 2461 309 2538 Alcibiades,
337 2483 448 2540 sensu,
474 2463 587 2542 populi
607 2464 769 2543 potentiae
790 2485 854 2524 non
873 2464 1012 2541 amicus,
1042 2473 1075 2522 et

111 2563 132 2601 o
156 2541 300 2600 timatum
319 2539 437 2601 fautor.
486 2541 536 2598 Ab
562 2541 624 2600 hoc
653 2541 822 2601 destitutus
850 2545 987 2622 primum
1008 2547 1115 2622 perd

111 2623 138 2677 ’,Γ
162 2619 354 2698 rasybulum,
368 2619 444 2696 Lyci
459 2616 567 2694 filium,
589 2620 629 2676 ab
645 2621 788 2680 exercitu
802 2622 969 2700 recipitur,
984 2641 1075 2700 prae-

110 2710 229 2780 torque
243 2696 278 2756 iit
294 2697 380 2778 apud
393 2699 538 2772 Samum3
555 2709 639 2776 post,
655 2699 849 2780 suffragante
865 2697 1080 2776 Theramene,

136 2776 304 2868 opuliscito
320 2775 515 2849 restituitur,
535 2775 671 2856 parique
692 2779 804 2836 absens
826 2777 961 2856 imperio
982 2796 1076 2856 prae·

110 2797 218 2914 iicrtur
239 2855 331 2913 simul
353 2875 425 2914 cum
446 2853 645 2931 Thrasybulo
667 2867 699 2914 et
713 2856 921 2915 Theramene.
949 2857 1116 2918 Horumii

111 2935 145 2994 in
159 2933 295 3014 imperio
310 2945 395 2993 tanta
410 2933 612 2993 commutatio
627 2953 737 2992 rerum
754 2935 838 2994 facta
851 2945 909 3009 est,
926 2945 962 2992 ut
977 2935 1076 2994 Lace·

113 3011 286 3087 daemonii,
319 3013 375 3094 qui
397 3011 505 3093 paullo
530 3022 600 3070 ante
625 3012 763 3073 victores
789 3013 1076 3102 viguerantpper·

112 3091 218 3151 territi
247 3109 359 3170 pacem
388 3101 547 3172 peterent.
589 3089 675 3153 Victi
707 3091 789 3150 enim
818 3103 907 3150 erant
937 3110 1076 3226 qumque

114 3169 247 3250 proeliis
263 3170 486 3243 terrestribus,
507 3169 610 3228 tribus
632 3170 812 3246 navalibus,
833 3170 864 3228 in
885 3167 998 3252 quibus
1042 3189 1077 3226 u·

116 3261 223 3309 centes
244 3266 341 3309 nates
353 3251 500 3310 triremes
523 3247 708 3325 amiserant,
732 3269 813 3332 quae
835 3260 945 3332 ceptae
967 3245 999 3306 in
1019 3245 1077 3308 ho·

125 3387 312 3400 -W

118 3529 137 3578 B
153 3459 300 3580 7ἒ16ϋηίὴ.
316 3437 402 3512 Weta.
422 3455 467 3509 all.
485 3461 611 3510 omittunt
626 3477 714 3529 posse.
734 3490 766 3502 -
786 3461 813 3530 8)
826 3452 864 3512 al.
883 3459 1016 3512 Deceliam
1021 3491 1031 3525 ,
1048 3476 1075 3510 v.

139 3545 168 3580 ar
189 3563 196 3579 .
