2524 3872
396 1019 820 1098 PRAEFATIO.

543 1210 665 1229 Μ

474 1339 732 1395 ARGUMENTUM.

162 1483 266 1538 Auctor
283 1484 432 1554 scripturae
450 1503 550 1556 genus,
569 1505 625 1557 quo
645 1495 686 1543 cst
704 1468 777 1553 usus,
797 1491 825 1539 et
841 1500 945 1552 rerum,
962 1499 1027 1554 quaa
1044 1497 1107 1555 pes·

103 1577 212 1640 secutus
231 1577 272 1622 est
291 1569 426 1622 levitatem
443 1579 552 1622 excusat
570 1570 740 1622 Graecorum
758 1577 784 1623 et
803 1571 983 1622 Romanorum
1000 1587 1108 1622 morum

7 1645 16 1672 ²
103 1652 273 1722 diversitau3
290 1653 380 1706 emnia
401 1655 474 1711 cnim
492 1658 629 1710 maiorum
646 1657 773 1709 institutis
792 1654 936 1706 iudicanda
952 1660 1053 1707 censet.

182 1827 256 1888 Non
291 1827 422 1907 dubito,
455 1791 545 1893 fore
564 1831 758 1914 plerosque,
793 1828 922 1907 Attice,
953 1828 1010 1911 qui
1042 1825 1106 1890 hoc

6 1947 8 2002 ἶ
103 1947 205 2013 genus
229 1927 407 2008 scripturae
428 1929 504 1992 leve
524 1942 558 1992 et
575 1951 640 1993 non
661 1932 735 1992 satis
759 1931 889 2012 dignum
911 1947 1108 1992 summorum

102 2031 248 2096 virorum
267 2029 416 2110 personis
436 2029 596 2112 iudicent,
621 2053 719 2118 quum
738 2030 876 2093 relatum
890 2029 1017 2114 legent,
1038 2029 1109 2114 quis

102 2133 255 2197 musicam
269 2129 417 2194 docuerit
430 2131 680 2216 Epaminondam
685 2155 696 2214 5
721 2148 775 2197 aut
793 2135 826 2196 in
844 2134 911 2198 eius
935 2131 1108 2196 virtutibus

104 2231 360 2311 commemorari,
376 2233 507 2299 saltasse
522 2257 597 2298 eum
611 2234 790 2314 commode,
803 2234 1008 2322 scienterque
1024 2236 1108 2298 tibiis

104 2348 254 2399 cantasse.
301 2335 367 2398 Sed
392 2337 426 2400 hi
444 2357 556 2434 'erunt
592 2345 683 2422 fere,
714 2343 787 2427 qui,
818 2356 966 2426 expertes
1001 2341 1108 2404 litera-

104 2453 178 2496 rum
192 2432 406 2514 Graecarum,
426 2437 504 2498 nihil
517 2452 659 2517 rectum,
679 2439 739 2500 nisi
752 2439 840 2523 qnod
854 2439 998 2521 ipsorum
1012 2439 1109 2501 mori-

6 2573 8 2602 ;
103 2533 164 2604 but
179 2533 363 2613 conveniat,
382 2539 550 2618 putabunt.
591 2538 637 2601 Hi
655 2540 682 2601 si
702 2537 888 2617 didicerint,
910 2558 974 2599 non
995 2538 1109 2600 eadem

106 2637 252 2702 omnibus
273 2654 345 2698 esse
368 2637 502 2702 honesta
518 2653 612 2726 atque
627 2641 743 2723 turpia,
763 2639 821 2702 sed
835 2639 938 2702 omnia
952 2639 1107 2699 maiorum

6 2749 7 2816 J
105 2738 258 2803 institutis
279 2737 430 2822 iudicari,
449 2764 514 2805 uon
533 2743 789 2822 admirabuntur,
808 2762 867 2803 nos
887 2741 919 2800 iu
936 2739 1107 2800 Graiorum

7 2915 8 2920 η
107 2841 279 2906 virurtibus
314 2844 510 2925 exponendis
538 2864 645 2907 mores
674 2864 786 2906 eorum
814 2852 952 2906 secutos.
992 2845 1106 2926 Neque

108 2943 193 3006 cuim
213 2944 337 3005 Cimoni
365 2944 429 3006 fuit
454 2957 567 3026 turpe,
596 2945 834 3008 Atheniensium
865 2961 987 3004 summo
1017 2943 1107 3021 viro,
1133 2991 1136 2996 .
1185 2987 1188 2998 ,

6 3033 8 3058 '⁵
109 3064 255 3107 sororem
269 3066 449 3128 germanam
463 3047 583 3108 habere
597 3047 629 3108 in
641 3048 857 3112 matrimonio:
872 3045 991 3130 quippe
1008 3065 1107 3128 quum
1195 3109 1198 3115 ¹

110 3147 197 3210 cives
225 3147 294 3209 eius
320 3147 436 3210 eodem
462 3159 631 3209 uterentur
655 3148 809 3210 instituto.
850 3148 894 3210 At
918 3148 951 3210 id
978 3145 1108 3231 quidem
1179 3177 1183 3186 r

108 3247 225 3310 nostris
248 3247 388 3310 moribus
408 3247 499 3312 nefas
514 3248 661 3322 habetur.
683 3252 786 3313 Laudi
805 3252 837 3312 in
861 3249 995 3313 Graecia
1019 3246 1107 3308 duci·
1130 3288 1138 3306 ,

6 3367 7 3370 ’
108 3361 163 3412 tur
193 3347 455 3429 adolescentulis,
482 3371 577 3434 quam
603 3351 757 3433 plurimos
786 3351 907 3414 habere
937 3359 1105 3412 amatores.

109 3451 203 3526 Nulla
220 3449 452 3516 Lacedaemoni
468 3439 532 3516 talu
554 3465 603 3518 est
622 3453 738 3519 nobilis
755 3453 870 3532 vidua,
889 3471 970 3534 quae
985 3446 1105 3536 uon-ad
