2564 3872
182 427 239 492 »aa
367 497 368 500 Ἴ
500 423 600 509 llllV.
623 441 767 486 annaeus.
794 447 818 483 ι.

178 588 288 642 orbatas
306 587 418 656 Sulpicii
437 585 565 637 affinitate
582 601 636 636 non
654 601 750 702 expers
768 595 808 638 est
825 587 955 653 periculi,
975 587 1138 642 Athenas-se

144 681 150 706 ·.
177 659 284 709 confert
304 657 349 724 (86
360 673 383 705 a.
395 655 458 706 Chr.
472 653 522 722 m).
539 655 654 704 Marium
669 671 683 703 a
703 656 869 705 olescentem
881 655 979 721 opibus
991 659 1043 706 suis
1056 659 1136 708 iuvat.

175 726 264 777 liebus
281 727 334 774 suis
352 723 485 774 translatis
504 721 686 774 Athenienses
702 723 819 788 pecunia
835 721 972 786 sublevat,
998 723 1137 774 frumento

176 792 267 846 donat.
291 818 325 830 -
350 789 398 840 lll.
416 788 594 842 Athenienses
612 789 636 839 ei
655 803 748 838 omnes
766 789 875 856 publice
894 788 1010 840 honores
1027 791 1136 856 habent,

175 876 242 927 quos
260 859 307 908 ille
320 873 406 925 parce
426 855 551 906 admittit.
570 855 666 906 -1v.
686 855 777 908 Sullae
796 872 872 908 carus
891 856 927 906 ob
945 855 1137 920 humanitatem

175 935 202 976 et
220 925 388 986 doctrinam,
417 939 497 990 quem
518 931 608 974 tamen
628 923 704 990 sequi
722 932 838 974 recusat.
874 922 986 973 Athenis
1013 924 1136 977 habitans

144 983 149 998 ⁸
173 992 344 1043 nihilominus
361 989 450 1042 officia
469 989 572 1039 urbana
591 991 683 1040 amicis
721 999 828 1041 raestat.
851 989 938 1040 Rebus
956 991 1136 1058 tranquillatis

172 1061 284 1110 Romam
302 1059 372 1111 redit
392 1057 436 1124 (65
455 1073 478 1108 a.
497 1056 560 1108 Chr.
579 1056 618 1126 n.)
643 1083 675 1094 -
701 1007 734 1107 is
761 1058 795 1125 Q.
815 1053 944 1120 Caecilii,
963 1059 1137 1110 avun‘culiex

173 1126 305 1177 dodrante
322 1125 411 1176 herm.
428 1124 571 1176 Ciceronis
588 1132 617 1177 et
632 1123 892 1192 Hortensiivcopula.
910 1151 943 1162 -·
960 1125 1006 1175 Vl.
1022 1125 1137 1194 Semper

172 1195 334 1259 optimarum
349 1193 466 1259 partium
484 1200 540 1254 est,
556 1191 676 1241 honores
695 1193 856 1259 conpetit,
875 1193 993 1258 privatus
1011 1209 1073 1242 cum
1092 1193 1139 1242 dt-

171 1261 271 1326 gnitate
296 1261 366 1312 vivit.
385 1286 417 1298 -
436 1259 494 1308 VII.
512 1259 588 1308 Bello
602 1259 672 1308 civili
691 1275 779 1324 neque
791 1259 951 1326 Pompeium
964 1275 1052 1325 neque
1065 1261 1134 1310 Cae·

171 1343 258 1376 mrem
271 1326 397 1389 offendit,
416 1327 516 1376 amicos
531 1325 627 1392 opibus
641 1326 719 1374 iuvat.
732 1354 765 1368 -
783 1327 855 1379 Vlll.
874 1327 910 1376 M.
921 1324 1021 1388 Bruto,
1039 1329 1138 1378 occiso

172 1393 286 1454 Caesare
305 1391 349 1462 (44
367 1411 390 1442 a.
410 1391 473 1442 Chr.
491 1390 541 1459 m),
561 1393 671 1455 amicus,
691 1392 772 1442 etiam
788 1393 896 1444 abiecto
917 1399 943 1441 ct
961 1393 1081 1457 fugienti.
1102 1423 1137 1434 -

147 1459 266 1510 ²1xstn
282 1463 355 1510 omni
382 1460 491 1509 fortuna
511 1457 563 1507 sibi
586 1467 700 1509 constat.
736 1461 777 1510 Ne
795 1461 914 1510 Antonio
929 1459 1062 1524 quidem,
1088 1465 1135 1528 qui

171 1529 245 1578 bello
265 1527 410 1588 Mutinensi
440 1523 488 1592 (Ab
508 1541 532 1576 a.
559 1525 623 1574 Chr.
647 1524 686 1592 n.)
719 1525 804 1576 hostis
829 1526 977 1584 iudicatur,
1005 1527 1139 1579 infestum

95 1591 100 1598 “
170 1611 198 1644 se
217 1594 486 1660 praebetpls'ulviam,
504 1607 617 1642 uxorem
630 1589 822 1656 e'ius‚adiuaat.
843 1623 875 1634 -
894 1595 928 1642 Χ.
947 1592 989 1642 Ab
1003 1591 1137 1660 Antonio,

169 1661 280 1711 Romam
298 1675 421 1722 reverso,
448 1659 481 1710 de
501 1660 720 1727 proscriptorum
736 1675 849 1710 numero
870 1667 989 1712 exemtus
1013 1671 1137 1712 servatur

170 1744 232 1786 cum
251 1726 342 1778 Gellio
362 1727 436 1776 Cano
459 1727 555 1778 amieo.
581 1753 613 1764 -
637 1727 684 1776 XI.
707 1727 869 1794 Proscriptis
891 1727 1013 1794 plurimis
1033 1731 1135 1780 auxilio

169 1803 209 1854 est
234 1795 380 1862 Epiroticis
397 1793 523 1862 praediis.
557 1793 596 1844 De
616 1795 754 1844 veracius
773 1795 936 1846 liberalitate
956 1810 1010 1842 non
1025 1804 1134 1864 tempo·

165 1863 248 1912 ,saria
273 1889 305 1900 -
330 1862 389 1912 XII.
417 1861 502 1912 Socer
521 1861 670 1928 Agrippae,
698 1861 874 1912 conciliatore
894 1860 1030 1926 Antonio,
1058 1863 1133 1914 cui'us

145 1923 147 1929 ’
168 1931 252 1995 gratia
270 1927 442 1980 solummodo
462 1945 523 1980 usus
541 1929 619 1976 estin
633 1927 763 1995 periculis
776 1930 924 1980 amicorum
939 1927 1138 1996 'deprecandis‘

142 2010 146 2018 ·
168 2025 201 2036 -
220 1995 294 2045 Xlll.
313 1997 403 2046 Bonus
422 1995 642 2062 paterfamilias,
667 1995 768 2044 familia
784 2011 846 2045 usus
863 1992 996 2046 mediocri
1016 1996 1063 2046 sed
1083 2014 1136 2064 pe-

128 2061 138 2081 '
167 2063 265 2112 ritaret
282 2063 377 2128 doeta3
396 2065 503 2128 elegans
516 2077 575 2112 non
592 2070 755 2112 sumtuosus.
773 2082 809 2105 ..-
821 2063 894 2115 XlV.
905 2061 1057 2128 Numquam
1077 2065 1135 2116 sine

166 2131 284 2182 lectione
303 2145 419 2180 coenare
440 2131 553 2192 solitus3
575 2129 795 2180 tonunisauoris
817 2148 872 2182 non
895 2134 1061 2182 sumtuosior
1080 2135 1136 2182 ulla

167 2197 194 2244 ln
212 2211 241 2246 re
260 2195 354 2262 factus.
375 2225 409 2236 ·-
429 2196 488 2245 XV.
505 2195 640 2260 Mendacii
657 2197 809 2264 impatiens,
829 2200 856 2248 in
874 2198 1013 2267 promissis
1031 2200 1134 2250 amico-

167 2279 280 2328 rumque
301 2263 399 2312 officiis
408 2263 556 2326 religiosus.
576 2289 609 2299 —
628 2263 700 2312 xvi.
720 2261 865 2317 Humanas.
884 2265 1043 2316 adolescens
1061 2267 1135 2316 seni·

167 2330 233 2391 bus,
263 2345 344 2378 senex
363 2327 579 2378 adolescentibus
596 2329 699 2395 pariter
716 2337 796 2396 atque
814 2329 970 2397 aequalibus
991 2331 1133 2382 iucundus.

165 2420 199 2435 ·-
217 2395 302 2446 xvll.
321 2396 360 2444 De
371 2397 471 2461 pietate
489 2394 516 2441 in
526 2403 640 2444 matrem
655 2403 682 2444 et
694 2410 827 2447 sororem.
845 2396 1038 2462 Philosophiae
1052 2415 1131 2464 prae-

167 2464 252 2529 ceptis
272 2463 305 2511 ad
324 2462 403 2510 vitam
422 2459 551 2524 agendam
570 2477 633 2511 usus
656 2470 703 2511 est.
722 2489 754 2500 ·-
772 2465 870 2514 XVIII.
888 2464 995 2516 Peritus
1014 2466 1132 2530 antiqui-

165 2529 243 2592 tatis,
263 2545 341 2595 quam
360 2536 444 2576 totam
464 2543 517 2575 uno
536 2529 672 2578 volumine
696 2533 826 2595 exponit3
842 2549 896 2581 non
916 2534 1023 2592 ignarus
1042 2535 1131 2597 poeti·

166 2613 221 2645 cca.
249 2618 284 2634 -·
308 2595 381 2643 xix.
404 2596 511 2644 Morum
531 2595 663 2661 elegantia
682 2599 804 2661 pervenit
826 2599 854 2646 in
874 2597 1081 2647 familiaritatem
1106 2609 1133 2650 et

166 2663 322 2712 affinitatem
341 2660 461 2727 Aatgusti.
480 2687 513 2700 ·-
531 2663 591 2711 XX.
610 2664 643 2711 Et
655 2661 768 2726 Augusti
787 2673 812 2714 et
825 2665 935 2714 Antonii
952 2665 1132 2716 familiaritate

166 2730 306 2780 colebatur
326 2730 443 2796 quamvis
462 2728 595 2778 intereos
613 2729 790 2778 maximarum
808 2739 899 2782 rerunt
917 2732 1062 2780 aemulatio
1089 2733 1131 2781 iu·

103 2790 107 2798 '
165 2795 326 2846 tercederet.
342 2825 373 2834 -
394 2795 466 2844 xxi.
481 2796 618 2848 Extremus
631 2797 688 2844 eius
703 2799 868 2851 morbus-
887 2798 972 2849 xxii.
991 2799 1030 2848 De
1043 2808 1130 2855 morte

167 2869 193 2910 et
211 2865 348 2929 sepultura
365 2861 513 2927 Attieissa
532 2879 555 2910 a.
577 2861 625 2912 Ch.
645 2860 693 2928 m).
805 2872 809 2878 ’

244 3003 266 3062 Ι.
289 3005 325 3060 Τ.
340 3007 535 3066 Postremus
551 3005 714 3081 Arriaca,
736 3005 774 3067 ab
795 3007 919 3089 origine
935 3008 1044 3068 ultima
1059 3008 1130 3068 stir-

167 3081 215 3160 pis
236 3082 396 3143 Romanae
418 3095 589 3164 generatus
614 3083 660 3163 ¹),
680 3098 840 3166 perpetuo
858 3087 1062 3147 amaioribus
1080 3107 1130 3148 ac-

127 3171 290 3241 aceptam
312 3174 497 3244 equestrem
525 3163 663 3225 obtinuit
691 3163 886 3246 dignitatem.
929 3167 1025 3227 Patro
1053 3185 1129 3228 usus

182 3301 189 3310 υ
228 3305 231 3309 .

125 3319 321 3337 m

174 3419 222 3534 tt)¹
235 3421 344 3535 lltalqnb.h
355 3421 431 3471 Heus.
455 3437 548 3472 vocem
567 3434 717 3488 geseoretae
732 3432 761 3474 ut
780 3434 929 3494 suspectam
948 3429 1126 3493 incluserunt5

157 3502 372 3536 art(.aen.
463 3497 505 3520 '³
705 3497 708 3507 '
817 3502 882 3512 ⁹*
974 3501 1027 3528 '-
