<?xml version="1.0" encoding="UTF-8"?>
<!DOCTYPE html PUBLIC "-//W3C//DTD XHTML 1.0 Transitional//EN"
    "http://www.w3.org/TR/xhtml1/DTD/xhtml1-transitional.dtd">
<html xmlns="http://www.w3.org/1999/xhtml" xml:lang="en" lang="en">
 <head>
  <title>
</title>
<meta http-equiv="Content-Type" content="text/html;charset=utf-8" />
  <meta name='ocr-system' content='tesseract 3.04.00' />
  <meta name='ocr-capabilities' content='ocr_page ocr_carea ocr_par ocr_line ocrx_word'/>
</head>
<body>
  <div class='ocr_page' id='page_1' title='image "./quaeexstantadop00nepogoog_0085.png"; bbox 0 0 2524 3872; ppageno 0'>
   <div class='ocr_carea' id='block_1_1' title="bbox 343 325 1021 460">
    <p class='ocr_par' dir='ltr' id='par_1_1' title="bbox 343 325 1021 460">
     <span class='ocr_line' id='line_1_1' title="bbox 343 325 1021 460; baseline -0.001 -16"><span class='ocrx_word' id='word_1_1' title='bbox 343 381 428 448; x_wconf 80' lang='lat' dir='ltr'><strong>mv.</strong></span> <span class='ocrx_word' id='word_1_2' title='bbox 451 398 617 448; x_wconf 73' lang='lat' dir='ltr'><strong>nara-ns.</strong></span> <span class='ocrx_word' id='word_1_3' title='bbox 633 325 757 444; x_wconf 41' lang='grc'><strong>34..</strong></span> <span class='ocrx_word' id='word_1_4' title='bbox 980 399 1021 460; x_wconf 79' lang='lat'><strong>77</strong></span> 
     </span>
    </p>
   </div>
   <div class='ocr_carea' id='block_1_2' title="bbox 9 537 1137 2755">
    <p class='ocr_par' dir='ltr' id='par_1_2' title="bbox 65 537 1080 934">
     <span class='ocr_line' id='line_1_2' title="bbox 65 537 1035 622; baseline -0.005 -17"><span class='ocrx_word' id='word_1_5' title='bbox 65 546 125 606; x_wconf 84' lang='lat' dir='ltr'><strong>lica</strong></span> <span class='ocrx_word' id='word_1_6' title='bbox 138 543 306 602; x_wconf 85' lang='lat' dir='ltr'><strong>Datamem</strong></span> <span class='ocrx_word' id='word_1_7' title='bbox 325 537 475 602; x_wconf 85' lang='lat' dir='ltr'><strong>donatum</strong></span> <span class='ocrx_word' id='word_1_8' title='bbox 497 539 536 600; x_wconf 85' lang='lat' dir='ltr'><strong>ad</strong></span> <span class='ocrx_word' id='word_1_9' title='bbox 558 540 733 602; x_wconf 81' lang='lat' dir='ltr'><strong>exercitum</strong></span> <span class='ocrx_word' id='word_1_10' title='bbox 753 539 854 614; x_wconf 80' lang='lat' dir='ltr'><strong>misit,</strong></span> <span class='ocrx_word' id='word_1_11' title='bbox 876 538 932 622; x_wconf 82' lang='lat' dir='ltr'><strong>qni</strong></span> <span class='ocrx_word' id='word_1_12' title='bbox 953 543 1035 600; x_wconf 84' lang='lat' dir='ltr'><strong>tum·</strong></span> 
     </span>
     <span class='ocr_line' id='line_1_3' title="bbox 65 617 1024 684; baseline -0.008 0"><span class='ocrx_word' id='word_1_13' title='bbox 65 619 311 684; x_wconf 79' lang='lat' dir='ltr'><strong>contrahebatur</strong></span> <span class='ocrx_word' id='word_1_14' title='bbox 325 619 406 680; x_wconf 85' lang='lat' dir='ltr'><strong>duce</strong></span> <span class='ocrx_word' id='word_1_15' title='bbox 423 619 629 680; x_wconf 72' lang='lat' dir='ltr'><strong>Pharnabazo</strong></span> <span class='ocrx_word' id='word_1_16' title='bbox 652 626 685 680; x_wconf 88' lang='lat' dir='ltr'><strong>et</strong></span> <span class='ocrx_word' id='word_1_17' title='bbox 699 617 881 678; x_wconf 76' lang='lat' dir='ltr'><strong>Tithrauste</strong></span> <span class='ocrx_word' id='word_1_18' title='bbox 902 619 942 678; x_wconf 94' lang='lat' dir='ltr'><strong>ad</strong></span> <span class='ocrx_word' id='word_1_19' title='bbox 954 617 1024 678; x_wconf 86' lang='lat' dir='ltr'><strong>bel·</strong></span> 
     </span>
     <span class='ocr_line' id='line_1_4' title="bbox 65 696 1080 791; baseline -0.004 -31"><span class='ocrx_word' id='word_1_20' title='bbox 65 701 128 762; x_wconf 88' lang='lat' dir='ltr'><strong>lum</strong></span> <span class='ocrx_word' id='word_1_21' title='bbox 148 697 359 791; x_wconf 74' lang='lat' dir='ltr'><strong>Aegyptium,</strong></span> <span class='ocrx_word' id='word_1_22' title='bbox 382 698 517 780; x_wconf 82' lang='lat' dir='ltr'><strong>parique</strong></span> <span class='ocrx_word' id='word_1_23' title='bbox 542 718 632 775; x_wconf 87' lang='lat' dir='ltr'><strong>eum,</strong></span> <span class='ocrx_word' id='word_1_24' title='bbox 656 709 751 780; x_wconf 87' lang='lat' dir='ltr'><strong>atque</strong></span> <span class='ocrx_word' id='word_1_25' title='bbox 776 699 865 771; x_wconf 88' lang='lat' dir='ltr'><strong>illos,</strong></span> <span class='ocrx_word' id='word_1_26' title='bbox 886 696 1035 778; x_wconf 54' lang='lat' dir='ltr'><strong>imperio*</strong></span> <span class='ocrx_word' id='word_1_27' title='bbox 1077 733 1080 740; x_wconf 94' lang='lat'>·</span> 
     </span>
     <span class='ocr_line' id='line_1_5' title="bbox 66 775 1024 858; baseline -0.004 -18"><span class='ocrx_word' id='word_1_28' title='bbox 66 796 134 840; x_wconf 81' lang='lat' dir='ltr'><strong>esse</strong></span> <span class='ocrx_word' id='word_1_29' title='bbox 151 779 251 838; x_wconf 87' lang='lat' dir='ltr'><strong>iuss1t.</strong></span> <span class='ocrx_word' id='word_1_30' title='bbox 281 778 398 836; x_wconf 79' lang='lat' dir='ltr'><strong>Postea</strong></span> <span class='ocrx_word' id='word_1_31' title='bbox 418 795 498 836; x_wconf 85' lang='lat' dir='ltr'><strong>vero</strong></span> <span class='ocrx_word' id='word_1_32' title='bbox 520 794 614 858; x_wconf 90' lang='lat' dir='ltr'><strong>quam</strong></span> <span class='ocrx_word' id='word_1_33' title='bbox 634 775 873 836; x_wconf 82' lang='lat' dir='ltr'><strong>Pharnabazum</strong></span> <span class='ocrx_word' id='word_1_34' title='bbox 893 795 951 838; x_wconf 79' lang='lat' dir='ltr'><strong>rex</strong></span> <span class='ocrx_word' id='word_1_35' title='bbox 971 796 1024 836; x_wconf 84' lang='lat' dir='ltr'><strong>re·</strong></span> 
     </span>
     <span class='ocr_line' id='line_1_6' title="bbox 66 853 782 934; baseline -0.008 -14"><span class='ocrx_word' id='word_1_36' title='bbox 66 857 210 933; x_wconf 73' lang='lat' dir='ltr'><strong>vocavit,</strong></span> <span class='ocrx_word' id='word_1_37' title='bbox 230 855 277 915; x_wconf 90' lang='lat' dir='ltr'><strong>illi</strong></span> <span class='ocrx_word' id='word_1_38' title='bbox 298 875 419 914; x_wconf 89' lang='lat' dir='ltr'><strong>summa</strong></span> <span class='ocrx_word' id='word_1_39' title='bbox 442 853 567 934; x_wconf 90' lang='lat' dir='ltr'><strong>imperii</strong></span> <span class='ocrx_word' id='word_1_40' title='bbox 591 856 705 914; x_wconf 89' lang='lat' dir='ltr'><strong>tradita</strong></span> <span class='ocrx_word' id='word_1_41' title='bbox 726 867 782 914; x_wconf 84' lang='lat' dir='ltr'><strong>est.</strong></span> 
     </span>
    </p>

    <p class='ocr_par' dir='ltr' id='par_1_3' title="bbox 9 929 1137 2755">
     <span class='ocr_line' id='line_1_7' title="bbox 92 929 1060 1016; baseline 0.001 -22"><span class='ocrx_word' id='word_1_42' title='bbox 92 969 94 973; x_wconf 35' lang='lat' dir='ltr'><strong><em>f</em></strong></span> <span class='ocrx_word' id='word_1_43' title='bbox 144 929 198 998; x_wconf 89' lang='lat' dir='ltr'><strong>lV.</strong></span> <span class='ocrx_word' id='word_1_44' title='bbox 222 931 283 994; x_wconf 90' lang='lat' dir='ltr'><strong>Hic</strong></span> <span class='ocrx_word' id='word_1_45' title='bbox 306 954 404 1016; x_wconf 85' lang='lat' dir='ltr'><strong>quum</strong></span> <span class='ocrx_word' id='word_1_46' title='bbox 427 933 562 994; x_wconf 85' lang='lat' dir='ltr'><strong>maximo</strong></span> <span class='ocrx_word' id='word_1_47' title='bbox 583 934 689 993; x_wconf 88' lang='lat' dir='ltr'><strong>studio</strong></span> <span class='ocrx_word' id='word_1_48' title='bbox 712 949 913 1013; x_wconf 85' lang='lat' dir='ltr'><strong>compararet</strong></span> <span class='ocrx_word' id='word_1_49' title='bbox 934 956 1025 998; x_wconf 82' lang='lat' dir='ltr'><strong>exer·</strong></span> <span class='ocrx_word' id='word_1_50' title='bbox 1048 953 1060 995; x_wconf 85' lang='lat' dir='ltr'><strong>t</strong></span> 
     </span>
     <span class='ocr_line' id='line_1_8' title="bbox 68 1007 1025 1097; baseline 0.001 -21"><span class='ocrx_word' id='word_1_51' title='bbox 68 1007 183 1090; x_wconf 83' lang='lat' dir='ltr'><strong>citum,</strong></span> <span class='ocrx_word' id='word_1_52' title='bbox 206 1015 448 1095; x_wconf 79' lang='lat' dir='ltr'><strong>Aegyptumque</strong></span> <span class='ocrx_word' id='word_1_53' title='bbox 462 1010 624 1092; x_wconf 87' lang='lat' dir='ltr'><strong>proficisci</strong></span> <span class='ocrx_word' id='word_1_54' title='bbox 636 1023 783 1093; x_wconf 86' lang='lat' dir='ltr'><strong>pararet,</strong></span> <span class='ocrx_word' id='word_1_55' title='bbox 798 1013 903 1076; x_wconf 89' lang='lat' dir='ltr'><strong>subito</strong></span> <span class='ocrx_word' id='word_1_56' title='bbox 917 1035 1025 1097; x_wconf 89' lang='lat' dir='ltr'><strong>arege</strong></span> 
     </span>
     <span class='ocr_line' id='line_1_9' title="bbox 63 1091 1082 1176; baseline 0 -22"><span class='ocrx_word' id='word_1_57' title='bbox 63 1094 180 1154; x_wconf 89' lang='lat' dir='ltr'><strong>literae</strong></span> <span class='ocrx_word' id='word_1_58' title='bbox 208 1103 280 1152; x_wconf 88' lang='lat' dir='ltr'><strong>sunt</strong></span> <span class='ocrx_word' id='word_1_59' title='bbox 300 1092 330 1167; x_wconf 83' lang='lat' dir='ltr'><strong>ci</strong></span> <span class='ocrx_word' id='word_1_60' title='bbox 352 1092 483 1166; x_wconf 83' lang='lat' dir='ltr'><strong>missae,</strong></span> <span class='ocrx_word' id='word_1_61' title='bbox 511 1103 547 1151; x_wconf 89' lang='lat' dir='ltr'><strong>ut</strong></span> <span class='ocrx_word' id='word_1_62' title='bbox 567 1093 676 1172; x_wconf 80' lang='lat' dir='ltr'>Aspim</span> <span class='ocrx_word' id='word_1_63' title='bbox 699 1091 945 1173; x_wconf 79' lang='lat' dir='ltr'><strong>aggrederetur,</strong></span> <span class='ocrx_word' id='word_1_64' title='bbox 971 1094 1027 1176; x_wconf 80' lang='lat' dir='ltr'><strong>qui</strong></span> <span class='ocrx_word' id='word_1_65' title='bbox 1080 1111 1082 1118; x_wconf 87' lang='lat'>&#39;</span> 
     </span>
     <span class='ocr_line' id='line_1_10' title="bbox 9 1170 1026 1253; baseline 0.001 -20"><span class='ocrx_word' id='word_1_66' title='bbox 9 1179 10 1182; x_wconf 73' lang='grc'>’</span> <span class='ocrx_word' id='word_1_67' title='bbox 67 1171 250 1233; x_wconf 83' lang='lat' dir='ltr'><strong>Cataoniam</strong></span> <span class='ocrx_word' id='word_1_68' title='bbox 268 1170 416 1230; x_wconf 80' lang='lat' dir='ltr'><strong>tenebat:</strong></span> <span class='ocrx_word' id='word_1_69' title='bbox 448 1191 532 1252; x_wconf 84' lang='lat' dir='ltr'><strong>quae</strong></span> <span class='ocrx_word' id='word_1_70' title='bbox 555 1191 632 1253; x_wconf 87' lang='lat' dir='ltr'><strong>gens</strong></span> <span class='ocrx_word' id='word_1_71' title='bbox 653 1171 737 1230; x_wconf 89' lang='lat' dir='ltr'><strong>iacet</strong></span> <span class='ocrx_word' id='word_1_72' title='bbox 758 1187 854 1251; x_wconf 88' lang='lat' dir='ltr'><strong>supra</strong></span> <span class='ocrx_word' id='word_1_73' title='bbox 875 1173 1026 1249; x_wconf 86' lang='lat' dir='ltr'><strong>Ciliciam,</strong></span> 
     </span>
     <span class='ocr_line' id='line_1_11' title="bbox 65 1248 1065 1332; baseline 0.003 -20"><span class='ocrx_word' id='word_1_74' title='bbox 65 1249 196 1314; x_wconf 88' lang='lat' dir='ltr'><strong>conlinis</strong></span> <span class='ocrx_word' id='word_1_75' title='bbox 219 1248 449 1330; x_wconf 71' lang='lat' dir='ltr'><strong>Cappadociae</strong></span> <span class='ocrx_word' id='word_1_76' title='bbox 485 1251 629 1332; x_wconf 82' lang='lat' dir='ltr'><strong>Namque·</strong></span> <span class='ocrx_word' id='word_1_77' title='bbox 650 1249 761 1330; x_wconf 81' lang='lat' dir='ltr'><strong>Aspis,</strong></span> <span class='ocrx_word' id='word_1_78' title='bbox 785 1252 953 1312; x_wconf 83' lang='lat' dir='ltr'><strong>saltuosam</strong></span> <span class='ocrx_word' id='word_1_79' title='bbox 973 1272 1024 1312; x_wconf 55' lang='lat' dir='ltr'><strong>ree</strong></span> <span class='ocrx_word' id='word_1_80' title='bbox 1047 1267 1065 1315; x_wconf 80' lang='lat' dir='ltr'><strong>lt</strong></span> 
     </span>
     <span class='ocr_line' id='line_1_12' title="bbox 65 1328 1127 1414; baseline -0.001 -25"><span class='ocrx_word' id='word_1_81' title='bbox 65 1332 194 1414; x_wconf 87' lang='lat' dir='ltr'><strong>gionem</strong></span> <span class='ocrx_word' id='word_1_82' title='bbox 215 1329 415 1410; x_wconf 79' lang='lat' dir='ltr'><strong>castellisque</strong></span> <span class='ocrx_word' id='word_1_83' title='bbox 430 1328 580 1389; x_wconf 87' lang='lat' dir='ltr'><strong>munitam</strong></span> <span class='ocrx_word' id='word_1_84' title='bbox 595 1330 753 1404; x_wconf 83' lang='lat' dir='ltr'><strong>incolens,</strong></span> <span class='ocrx_word' id='word_1_85' title='bbox 769 1351 833 1390; x_wconf 92' lang='lat' dir='ltr'><strong>non</strong></span> <span class='ocrx_word' id='word_1_86' title='bbox 853 1330 956 1390; x_wconf 89' lang='lat' dir='ltr'><strong>solum</strong></span> <span class='ocrx_word' id='word_1_87' title='bbox 969 1330 1027 1388; x_wconf 73' lang='lat' dir='ltr'><strong>im·</strong></span> <span class='ocrx_word' id='word_1_88' title='bbox 1125 1342 1127 1348; x_wconf 82' lang='grc'><em>’</em></span> 
     </span>
     <span class='ocr_line' id='line_1_13' title="bbox 63 1395 1027 1546; baseline -0.001 -76"><span class='ocrx_word' id='word_1_89' title='bbox 63 1409 157 1490; x_wconf 87' lang='lat' dir='ltr'><strong>perio</strong></span> <span class='ocrx_word' id='word_1_90' title='bbox 181 1395 265 1546; x_wconf 73' lang='lat' dir='ltr'><strong>regis</strong></span> <span class='ocrx_word' id='word_1_91' title='bbox 291 1429 355 1468; x_wconf 90' lang='lat' dir='ltr'><strong>non</strong></span> <span class='ocrx_word' id='word_1_92' title='bbox 379 1405 529 1488; x_wconf 85' lang='lat' dir='ltr'><strong>parebat,</strong></span> <span class='ocrx_word' id='word_1_93' title='bbox 560 1407 733 1484; x_wconf 77' lang='lat' dir='ltr'><strong>sedetiam</strong></span> <span class='ocrx_word' id='word_1_94' title='bbox 755 1406 898 1467; x_wconf 88' lang='lat' dir='ltr'><strong>finitimas</strong></span> <span class='ocrx_word' id='word_1_95' title='bbox 919 1429 956 1469; x_wconf 91' lang='lat' dir='ltr'><strong>re</strong></span> <span class='ocrx_word' id='word_1_96' title='bbox 980 1408 1027 1469; x_wconf 92' lang='lat' dir='ltr'><strong>io·</strong></span> 
     </span>
     <span class='ocr_line' id='line_1_14' title="bbox 62 1429 1025 1569; baseline 0 -23"><span class='ocrx_word' id='word_1_97' title='bbox 62 1508 119 1548; x_wconf 92' lang='lat' dir='ltr'><strong>nes</strong></span> <span class='ocrx_word' id='word_1_98' title='bbox 141 1507 221 1549; x_wconf 83' lang='lat' dir='ltr'><strong>vexa</strong></span> <span class='ocrx_word' id='word_1_99' title='bbox 245 1496 294 1562; x_wconf 90' lang='lat' dir='ltr'><strong>at,</strong></span> <span class='ocrx_word' id='word_1_100' title='bbox 318 1497 367 1562; x_wconf 88' lang='lat' dir='ltr'><strong>et,</strong></span> <span class='ocrx_word' id='word_1_101' title='bbox 385 1490 472 1568; x_wconf 46' lang='lat' dir='ltr'><strong>*quae</strong></span> <span class='ocrx_word' id='word_1_102' title='bbox 493 1485 564 1569; x_wconf 90' lang='lat' dir='ltr'><strong>regi</strong></span> <span class='ocrx_word' id='word_1_103' title='bbox 583 1497 808 1568; x_wconf 89' lang='lat' dir='ltr'><strong>portarentur,</strong></span> <span class='ocrx_word' id='word_1_104' title='bbox 837 1429 1025 1569; x_wconf 66' lang='lat' dir='ltr'><strong>abripiebat.</strong></span> 
     </span>
     <span class='ocr_line' id='line_1_15' title="bbox 62 1555 1098 1647; baseline -0.002 -21"><span class='ocrx_word' id='word_1_105' title='bbox 62 1569 233 1640; x_wconf 82' lang='lat' dir='ltr'><strong>Datames,</strong></span> <span class='ocrx_word' id='word_1_106' title='bbox 261 1565 321 1624; x_wconf 90' lang='lat' dir='ltr'><strong>etsi</strong></span> <span class='ocrx_word' id='word_1_107' title='bbox 341 1565 394 1624; x_wconf 93' lang='lat' dir='ltr'><strong>lon</strong></span> <span class='ocrx_word' id='word_1_108' title='bbox 421 1585 439 1624; x_wconf 92' lang='lat' dir='ltr'><strong>e</strong></span> <span class='ocrx_word' id='word_1_109' title='bbox 460 1565 569 1624; x_wconf 83' lang='lat' dir='ltr'><strong>aberat</strong></span> <span class='ocrx_word' id='word_1_110' title='bbox 589 1555 628 1626; x_wconf 90' lang='lat' dir='ltr'><strong>ab</strong></span> <span class='ocrx_word' id='word_1_111' title='bbox 652 1565 700 1628; x_wconf 87' lang='lat' dir='ltr'><strong>his</strong></span> <span class='ocrx_word' id='word_1_112' title='bbox 723 1567 926 1647; x_wconf 79' lang='lat' dir='ltr'><strong>regionibus,</strong></span> <span class='ocrx_word' id='word_1_113' title='bbox 954 1579 987 1626; x_wconf 87' lang='lat' dir='ltr'><strong>et</strong></span> <span class='ocrx_word' id='word_1_114' title='bbox 1008 1567 1066 1632; x_wconf 67' lang='grc' dir='ltr'><strong>εδ</strong></span> <span class='ocrx_word' id='word_1_115' title='bbox 1096 1620 1098 1624; x_wconf 91' lang='grc'>.</span> 
     </span>
     <span class='ocr_line' id='line_1_16' title="bbox 62 1641 1026 1726; baseline 0 -20"><span class='ocrx_word' id='word_1_116' title='bbox 62 1645 185 1706; x_wconf 86' lang='lat' dir='ltr'><strong>maiore</strong></span> <span class='ocrx_word' id='word_1_117' title='bbox 205 1663 243 1706; x_wconf 89' lang='lat' dir='ltr'><strong>re</strong></span> <span class='ocrx_word' id='word_1_118' title='bbox 265 1641 411 1702; x_wconf 84' lang='lat' dir='ltr'><strong>abstrahe</strong></span> <span class='ocrx_word' id='word_1_119' title='bbox 436 1655 523 1716; x_wconf 85' lang='lat' dir='ltr'><strong>atur,</strong></span> <span class='ocrx_word' id='word_1_120' title='bbox 546 1652 652 1704; x_wconf 88' lang='lat' dir='ltr'><strong>tamen</strong></span> <span class='ocrx_word' id='word_1_121' title='bbox 676 1645 761 1726; x_wconf 86' lang='lat' dir='ltr'><strong>regis</strong></span> <span class='ocrx_word' id='word_1_122' title='bbox 783 1645 939 1705; x_wconf 85' lang='lat' dir='ltr'><strong>voluntati</strong></span> <span class='ocrx_word' id='word_1_123' title='bbox 958 1665 1026 1706; x_wconf 91' lang='lat' dir='ltr'><strong>mo-</strong></span> 
     </span>
     <span class='ocr_line' id='line_1_17' title="bbox 60 1721 1027 1804; baseline -0.003 -19"><span class='ocrx_word' id='word_1_124' title='bbox 60 1745 135 1785; x_wconf 90' lang='lat' dir='ltr'><strong>rem</strong></span> <span class='ocrx_word' id='word_1_125' title='bbox 151 1721 327 1804; x_wconf 86' lang='lat' dir='ltr'><strong>gerendum</strong></span> <span class='ocrx_word' id='word_1_126' title='bbox 345 1721 478 1801; x_wconf 85' lang='lat' dir='ltr'><strong>putarit.</strong></span> <span class='ocrx_word' id='word_1_127' title='bbox 511 1723 622 1802; x_wconf 90' lang='lat' dir='ltr'><strong>Itaque</strong></span> <span class='ocrx_word' id='word_1_128' title='bbox 638 1741 710 1780; x_wconf 89' lang='lat' dir='ltr'><strong>cum</strong></span> <span class='ocrx_word' id='word_1_129' title='bbox 732 1723 856 1802; x_wconf 87' lang='lat' dir='ltr'><strong>paucis,</strong></span> <span class='ocrx_word' id='word_1_130' title='bbox 877 1723 935 1782; x_wconf 87' lang='lat' dir='ltr'><strong>sed</strong></span> <span class='ocrx_word' id='word_1_131' title='bbox 950 1724 1027 1784; x_wconf 82' lang='lat' dir='ltr'><strong>viris</strong></span> 
     </span>
     <span class='ocr_line' id='line_1_18' title="bbox 61 1799 1027 1882; baseline -0.004 -18"><span class='ocrx_word' id='word_1_132' title='bbox 61 1802 203 1866; x_wconf 81' lang='lat' dir='ltr'><strong>sortibus</strong></span> <span class='ocrx_word' id='word_1_133' title='bbox 217 1819 330 1860; x_wconf 90' lang='lat' dir='ltr'><strong>navem</strong></span> <span class='ocrx_word' id='word_1_134' title='bbox 352 1799 550 1858; x_wconf 83' lang='lat' dir='ltr'><strong>conscendit:</strong></span> <span class='ocrx_word' id='word_1_135' title='bbox 574 1799 769 1874; x_wconf 86' lang='lat' dir='ltr'><strong>existimans,</strong></span> <span class='ocrx_word' id='word_1_136' title='bbox 788 1799 821 1858; x_wconf 92' lang='lat' dir='ltr'><strong>id</strong></span> <span class='ocrx_word' id='word_1_137' title='bbox 842 1800 930 1882; x_wconf 85' lang='lat' dir='ltr'><strong>quod</strong></span> <span class='ocrx_word' id='word_1_138' title='bbox 946 1802 1027 1860; x_wconf 91' lang='lat' dir='ltr'><strong>acci-</strong></span> 
     </span>
     <span class='ocr_line' id='line_1_19' title="bbox 60 1865 1030 1957; baseline -0.006 -15"><span class='ocrx_word' id='word_1_139' title='bbox 60 1883 130 1957; x_wconf 89' lang='lat' dir='ltr'><strong>dit,</strong></span> <span class='ocrx_word' id='word_1_140' title='bbox 159 1878 284 1938; x_wconf 83' lang='lat' dir='ltr'><strong>facilius</strong></span> <span class='ocrx_word' id='word_1_141' title='bbox 305 1889 339 1934; x_wconf 80' lang='lat' dir='ltr'><strong>s&#39;e</strong></span> <span class='ocrx_word' id='word_1_142' title='bbox 361 1865 596 1954; x_wconf 87' lang='lat' dir='ltr'><strong>imprudentem</strong></span> <span class='ocrx_word' id='word_1_143' title='bbox 615 1891 714 1955; x_wconf 80' lang='lat' dir='ltr'><strong>parra</strong></span> <span class='ocrx_word' id='word_1_144' title='bbox 740 1897 834 1935; x_wconf 87' lang='lat' dir='ltr'><strong>manu</strong></span> <span class='ocrx_word' id='word_1_145' title='bbox 857 1892 1030 1957; x_wconf 83' lang='lat' dir='ltr'><strong>oppressu·</strong></span> 
     </span>
     <span class='ocr_line' id='line_1_20' title="bbox 61 1955 1069 2045; baseline -0.007 -23"><span class='ocrx_word' id='word_1_146' title='bbox 61 1980 156 2034; x_wconf 86' lang='lat' dir='ltr'><strong>rum,</strong></span> <span class='ocrx_word' id='word_1_147' title='bbox 178 1975 273 2038; x_wconf 85' lang='lat' dir='ltr'><strong>quam</strong></span> <span class='ocrx_word' id='word_1_148' title='bbox 296 1963 442 2045; x_wconf 90' lang='lat' dir='ltr'><strong>paratum</strong></span> <span class='ocrx_word' id='word_1_149' title='bbox 463 1955 605 2037; x_wconf 85' lang='lat' dir='ltr'><strong>quamvis</strong></span> <span class='ocrx_word' id='word_1_150' title='bbox 625 1974 675 2014; x_wconf 88' lang='lat' dir='ltr'><strong>ma</strong></span> <span class='ocrx_word' id='word_1_151' title='bbox 697 1973 738 2014; x_wconf 91' lang='lat' dir='ltr'><strong>no</strong></span> <span class='ocrx_word' id='word_1_152' title='bbox 767 1957 920 2016; x_wconf 83' lang='lat' dir='ltr'><strong>exercitu.</strong></span> <span class='ocrx_word' id='word_1_153' title='bbox 960 1959 1069 2033; x_wconf 65' lang='lat' dir='ltr'><strong>Haet,</strong></span> 
     </span>
     <span class='ocr_line' id='line_1_21' title="bbox 62 2028 1029 2117; baseline -0.004 -17"><span class='ocrx_word' id='word_1_154' title='bbox 62 2038 190 2100; x_wconf 88' lang='lat' dir='ltr'><strong>delatus</strong></span> <span class='ocrx_word' id='word_1_155' title='bbox 214 2034 246 2094; x_wconf 89' lang='lat' dir='ltr'><strong>in</strong></span> <span class='ocrx_word' id='word_1_156' title='bbox 268 2028 426 2108; x_wconf 78' lang='lat' dir='ltr'><strong>Ciliciam,</strong></span> <span class='ocrx_word' id='word_1_157' title='bbox 457 2053 604 2114; x_wconf 87' lang='lat' dir='ltr'><strong>egressus</strong></span> <span class='ocrx_word' id='word_1_158' title='bbox 632 2033 663 2092; x_wconf 92' lang='lat' dir='ltr'><strong>in</strong></span> <span class='ocrx_word' id='word_1_159' title='bbox 688 2049 723 2108; x_wconf 85' lang='lat' dir='ltr'><strong>e,</strong></span> <span class='ocrx_word' id='word_1_160' title='bbox 754 2032 822 2093; x_wconf 89' lang='lat' dir='ltr'><strong>dies</strong></span> <span class='ocrx_word' id='word_1_161' title='bbox 852 2045 1029 2117; x_wconf 88' lang='lat' dir='ltr'><strong>noctesque</strong></span> 
     </span>
     <span class='ocr_line' id='line_1_22' title="bbox 62 2113 1085 2206; baseline -0.009 -27"><span class='ocrx_word' id='word_1_162' title='bbox 62 2114 281 2188; x_wconf 74' lang='lat' dir='ltr'><strong>iterfaciens,</strong></span> <span class='ocrx_word' id='word_1_163' title='bbox 303 2115 444 2172; x_wconf 83' lang='lat' dir='ltr'><strong>Taurum</strong></span> <span class='ocrx_word' id='word_1_164' title='bbox 464 2113 601 2190; x_wconf 88' lang='lat' dir='ltr'><strong>transiit,</strong></span> <span class='ocrx_word' id='word_1_165' title='bbox 623 2131 746 2196; x_wconf 87' lang='lat' dir='ltr'><strong>eoque,</strong></span> <span class='ocrx_word' id='word_1_166' title='bbox 769 2134 832 2206; x_wconf 74' lang='lat' dir='ltr'><strong>quo</strong></span> <span class='ocrx_word' id='word_1_167' title='bbox 854 2113 1030 2191; x_wconf 82' lang='lat' dir='ltr'><strong>studuerat,</strong></span> <span class='ocrx_word' id='word_1_168' title='bbox 1082 2131 1085 2138; x_wconf 93' lang='lat'>·</span> 
     </span>
     <span class='ocr_line' id='line_1_23' title="bbox 63 2191 1031 2275; baseline -0.003 -18"><span class='ocrx_word' id='word_1_169' title='bbox 63 2195 172 2272; x_wconf 79' lang='lat' dir='ltr'><strong>venit3</strong></span> <span class='ocrx_word' id='word_1_170' title='bbox 203 2191 345 2275; x_wconf 88' lang='lat' dir='ltr'><strong>quaerit,</strong></span> <span class='ocrx_word' id='word_1_171' title='bbox 377 2191 494 2274; x_wconf 87' lang='lat' dir='ltr'><strong>quibus</strong></span> <span class='ocrx_word' id='word_1_172' title='bbox 527 2193 606 2253; x_wconf 88' lang='lat' dir='ltr'><strong>locis</strong></span> <span class='ocrx_word' id='word_1_173' title='bbox 638 2194 681 2252; x_wconf 87' lang='lat' dir='ltr'><strong>sit</strong></span> <span class='ocrx_word' id='word_1_174' title='bbox 710 2193 821 2272; x_wconf 78' lang='lat' dir='ltr'><strong>Asp1s3</strong></span> <span class='ocrx_word' id='word_1_175' title='bbox 852 2194 1031 2274; x_wconf 84' lang='lat' dir='ltr'><strong>cognoscit,</strong></span> 
     </span>
     <span class='ocr_line' id='line_1_24' title="bbox 63 2269 1031 2355; baseline -0.004 -18"><span class='ocrx_word' id='word_1_176' title='bbox 63 2273 153 2337; x_wconf 89' lang='lat' dir='ltr'><strong>haud</strong></span> <span class='ocrx_word' id='word_1_177' title='bbox 190 2273 286 2353; x_wconf 88' lang='lat' dir='ltr'><strong>longe</strong></span> <span class='ocrx_word' id='word_1_178' title='bbox 320 2269 450 2348; x_wconf 87' lang='lat' dir='ltr'><strong>abesse,</strong></span> <span class='ocrx_word' id='word_1_179' title='bbox 483 2272 734 2355; x_wconf 84' lang='lat' dir='ltr'><strong>prol&#39;ectumque</strong></span> <span class='ocrx_word' id='word_1_180' title='bbox 764 2293 840 2333; x_wconf 86' lang='lat' dir='ltr'><strong>eum</strong></span> <span class='ocrx_word' id='word_1_181' title='bbox 870 2284 1031 2338; x_wconf 85' lang='lat' dir='ltr'><strong>venatum.</strong></span> 
     </span>
     <span class='ocr_line' id='line_1_25' title="bbox 64 2351 1032 2441; baseline 0.002 -29"><span class='ocrx_word' id='word_1_182' title='bbox 64 2353 177 2441; x_wconf 79' lang='lat' dir='ltr'><strong>Quem</strong></span> <span class='ocrx_word' id='word_1_183' title='bbox 198 2351 273 2410; x_wconf 89' lang='lat' dir='ltr'><strong>dum</strong></span> <span class='ocrx_word' id='word_1_184' title='bbox 294 2351 495 2430; x_wconf 83' lang='lat' dir='ltr'><strong>speculatur,</strong></span> <span class='ocrx_word' id='word_1_185' title='bbox 523 2351 676 2414; x_wconf 83' lang='lat' dir='ltr'><strong>adventus</strong></span> <span class='ocrx_word' id='word_1_186' title='bbox 701 2351 769 2412; x_wconf 76' lang='lat' dir='ltr'><strong>eius</strong></span> <span class='ocrx_word' id='word_1_187' title='bbox 798 2371 891 2412; x_wconf 84' lang='lat' dir='ltr'><strong>causa</strong></span> <span class='ocrx_word' id='word_1_188' title='bbox 914 2371 1032 2432; x_wconf 87' lang='lat' dir='ltr'><strong>cogno·</strong></span> 
     </span>
     <span class='ocr_line' id='line_1_26' title="bbox 67 2428 1137 2507; baseline -0.002 -15"><span class='ocrx_word' id='word_1_189' title='bbox 67 2433 179 2492; x_wconf 83' lang='lat' dir='ltr'><strong>scitur.</strong></span> <span class='ocrx_word' id='word_1_190' title='bbox 213 2428 333 2489; x_wconf 88' lang='lat' dir='ltr'><strong>Pisidas</strong></span> <span class='ocrx_word' id='word_1_191' title='bbox 354 2437 431 2487; x_wconf 74' lang='lat' dir='ltr'><strong>cum‘</strong></span> <span class='ocrx_word' id='word_1_192' title='bbox 446 2431 501 2507; x_wconf 87' lang='lat' dir='ltr'><strong>iis,</strong></span> <span class='ocrx_word' id='word_1_193' title='bbox 567 2452 602 2492; x_wconf 89' lang='lat' dir='ltr'><strong>os</strong></span> <span class='ocrx_word' id='word_1_194' title='bbox 623 2452 732 2490; x_wconf 88' lang='lat' dir='ltr'><strong>secum</strong></span> <span class='ocrx_word' id='word_1_195' title='bbox 747 2430 901 2506; x_wconf 85' lang='lat' dir='ltr'><strong>habebat,</strong></span> <span class='ocrx_word' id='word_1_196' title='bbox 922 2433 961 2490; x_wconf 88' lang='lat' dir='ltr'><strong>ad</strong></span> <span class='ocrx_word' id='word_1_197' title='bbox 979 2451 1032 2490; x_wconf 81' lang='lat' dir='ltr'><strong>rc·</strong></span> <span class='ocrx_word' id='word_1_198' title='bbox 1133 2445 1137 2448; x_wconf 83' lang='grc'><strong><em>’</em></strong></span> 
     </span>
     <span class='ocr_line' id='line_1_27' title="bbox 67 2505 1073 2588; baseline 0 -16"><span class='ocrx_word' id='word_1_199' title='bbox 67 2509 243 2572; x_wconf 85' lang='lat' dir='ltr'><strong>sistendum</strong></span> <span class='ocrx_word' id='word_1_200' title='bbox 266 2505 359 2584; x_wconf 85' lang='lat' dir='ltr'><strong>Aspis</strong></span> <span class='ocrx_word' id='word_1_201' title='bbox 384 2523 555 2588; x_wconf 89' lang='lat' dir='ltr'><strong>compara.</strong></span> <span class='ocrx_word' id='word_1_202' title='bbox 597 2510 633 2569; x_wconf 93' lang='lat' dir='ltr'><strong>Id</strong></span> <span class='ocrx_word' id='word_1_203' title='bbox 653 2512 802 2568; x_wconf 87' lang='lat' dir='ltr'><strong>Datames</strong></span> <span class='ocrx_word' id='word_1_204' title='bbox 822 2508 879 2568; x_wconf 89' lang='lat' dir='ltr'><strong>ubi</strong></span> <span class='ocrx_word' id='word_1_205' title='bbox 902 2509 1032 2584; x_wconf 77' lang='lat' dir='ltr'><strong>audivit,</strong></span> <span class='ocrx_word' id='word_1_206' title='bbox 1052 2510 1073 2572; x_wconf 76' lang='grc' dir='ltr'><em>ὂ</em></span> 
     </span>
     <span class='ocr_line' id='line_1_28' title="bbox 68 2584 1032 2668; baseline -0.004 -18"><span class='ocrx_word' id='word_1_207' title='bbox 68 2609 158 2650; x_wconf 88' lang='lat' dir='ltr'><strong>arma</strong></span> <span class='ocrx_word' id='word_1_208' title='bbox 178 2584 289 2660; x_wconf 88' lang='lat' dir='ltr'><strong>sumit,</strong></span> <span class='ocrx_word' id='word_1_209' title='bbox 320 2603 395 2643; x_wconf 84' lang='lat' dir='ltr'><strong>suos</strong></span> <span class='ocrx_word' id='word_1_210' title='bbox 420 2607 460 2644; x_wconf 88' lang='lat' dir='ltr'><strong>ue</strong></span> <span class='ocrx_word' id='word_1_211' title='bbox 480 2587 572 2668; x_wconf 82' lang='lat' dir='ltr'><strong>sequi</strong></span> <span class='ocrx_word' id='word_1_212' title='bbox 597 2589 704 2650; x_wconf 79' lang='lat' dir='ltr'><strong>iubet:</strong></span> <span class='ocrx_word' id='word_1_213' title='bbox 729 2589 798 2665; x_wconf 89' lang='lat' dir='ltr'><strong>ipse</strong></span> <span class='ocrx_word' id='word_1_214' title='bbox 819 2603 903 2667; x_wconf 90' lang='lat' dir='ltr'><strong>equo</strong></span> <span class='ocrx_word' id='word_1_215' title='bbox 926 2589 1032 2648; x_wconf 58' lang='lat' dir='ltr'><strong>concis</strong></span> 
     </span>
     <span class='ocr_line' id='line_1_29' title="bbox 68 2605 1033 2755; baseline -0.004 -26"><span class='ocrx_word' id='word_1_216' title='bbox 68 2679 138 2729; x_wconf 89' lang='lat' dir='ltr'><strong>tato</strong></span> <span class='ocrx_word' id='word_1_217' title='bbox 161 2665 201 2726; x_wconf 88' lang='lat' dir='ltr'><strong>ad</strong></span> <span class='ocrx_word' id='word_1_218' title='bbox 220 2664 344 2726; x_wconf 81' lang='lat' dir='ltr'><strong>hostem</strong></span> <span class='ocrx_word' id='word_1_219' title='bbox 366 2605 501 2722; x_wconf 68' lang='lat' dir='ltr'><strong>vellitur.</strong></span> <span class='ocrx_word' id='word_1_220' title='bbox 539 2665 644 2755; x_wconf 75' lang='lat' dir='ltr'><strong>Quem</strong></span> <span class='ocrx_word' id='word_1_221' title='bbox 664 2665 781 2744; x_wconf 87' lang='lat' dir='ltr'><strong>procul</strong></span> <span class='ocrx_word' id='word_1_222' title='bbox 795 2664 888 2742; x_wconf 86' lang='lat' dir='ltr'><strong>Aspis</strong></span> <span class='ocrx_word' id='word_1_223' title='bbox 910 2666 1033 2746; x_wconf 85' lang='lat' dir='ltr'><strong>conspi-</strong></span> 
     </span>
    </p>
   </div>
   <div class='ocr_carea' id='block_1_3' title="bbox 67 2739 1096 3298">
    <p class='ocr_par' dir='ltr' id='par_1_4' title="bbox 67 2739 1084 2966">
     <span class='ocr_line' id='line_1_30' title="bbox 70 2739 1084 2820; baseline -0.005 -13"><span class='ocrx_word' id='word_1_224' title='bbox 70 2749 159 2809; x_wconf 83' lang='lat' dir='ltr'><strong>ciens</strong></span> <span class='ocrx_word' id='word_1_225' title='bbox 180 2743 220 2804; x_wconf 91' lang='lat' dir='ltr'><strong>ad</strong></span> <span class='ocrx_word' id='word_1_226' title='bbox 240 2763 274 2802; x_wconf 89' lang='lat' dir='ltr'><strong>se</strong></span> <span class='ocrx_word' id='word_1_227' title='bbox 294 2739 452 2800; x_wconf 82' lang='lat' dir='ltr'><strong>ferentem</strong></span> <span class='ocrx_word' id='word_1_228' title='bbox 465 2742 678 2820; x_wconf 86' lang='lat' dir='ltr'><strong>pertimescit,</strong></span> <span class='ocrx_word' id='word_1_229' title='bbox 701 2755 731 2802; x_wconf 86' lang='lat' dir='ltr'><strong>at</strong></span> <span class='ocrx_word' id='word_1_230' title='bbox 754 2761 797 2802; x_wconf 88' lang='lat' dir='ltr'><strong>ue</strong></span> <span class='ocrx_word' id='word_1_231' title='bbox 815 2763 832 2800; x_wconf 89' lang='lat' dir='ltr'><strong>a</strong></span> <span class='ocrx_word' id='word_1_232' title='bbox 849 2753 963 2802; x_wconf 87' lang='lat' dir='ltr'><strong>conatu</strong></span> <span class='ocrx_word' id='word_1_233' title='bbox 982 2763 1034 2802; x_wconf 87' lang='lat' dir='ltr'><strong>re·</strong></span> <span class='ocrx_word' id='word_1_234' title='bbox 1082 2764 1084 2768; x_wconf 78' lang='grc'><strong>’</strong></span> 
     </span>
     <span class='ocr_line' id='line_1_31' title="bbox 67 2765 1034 2896; baseline -0.004 -10"><span class='ocrx_word' id='word_1_235' title='bbox 67 2822 204 2888; x_wconf 79' lang='lat' dir='ltr'><strong>sistendi</strong></span> <span class='ocrx_word' id='word_1_236' title='bbox 224 2817 398 2882; x_wconf 79' lang='lat' dir='ltr'><strong>deterritus</strong></span> <span class='ocrx_word' id='word_1_237' title='bbox 421 2839 490 2879; x_wconf 86' lang='lat' dir='ltr'><strong>sese</strong></span> <span class='ocrx_word' id='word_1_238' title='bbox 504 2819 601 2879; x_wconf 83' lang='lat' dir='ltr'><strong>dedit.</strong></span> <span class='ocrx_word' id='word_1_239' title='bbox 624 2823 717 2896; x_wconf 76' lang='lat' dir='ltr'><strong>Hunc</strong></span> <span class='ocrx_word' id='word_1_240' title='bbox 731 2765 880 2880; x_wconf 70' lang='lat' dir='ltr'><strong>batanea</strong></span> <span class='ocrx_word' id='word_1_241' title='bbox 895 2820 1034 2882; x_wconf 87' lang='lat' dir='ltr'><strong>vinctum</strong></span> 
     </span>
     <span class='ocr_line' id='line_1_32' title="bbox 72 2893 767 2966; baseline -0.01 -1"><span class='ocrx_word' id='word_1_242' title='bbox 72 2903 114 2966; x_wconf 88' lang='lat' dir='ltr'><strong>ad</strong></span> <span class='ocrx_word' id='word_1_243' title='bbox 133 2924 170 2962; x_wconf 89' lang='lat' dir='ltr'><strong>re</strong></span> <span class='ocrx_word' id='word_1_244' title='bbox 195 2921 245 2961; x_wconf 90' lang='lat' dir='ltr'><strong>em</strong></span> <span class='ocrx_word' id='word_1_245' title='bbox 268 2899 447 2960; x_wconf 89' lang='lat' dir='ltr'><strong>ducendum</strong></span> <span class='ocrx_word' id='word_1_246' title='bbox 468 2898 565 2957; x_wconf 90' lang='lat' dir='ltr'><strong>tradit</strong></span> <span class='ocrx_word' id='word_1_247' title='bbox 584 2893 767 2958; x_wconf 85' lang='lat' dir='ltr'><strong>Mithridati.</strong></span> 
     </span>
    </p>

    <p class='ocr_par' dir='ltr' id='par_1_5' title="bbox 73 2974 1096 3298">
     <span class='ocr_line' id='line_1_33' title="bbox 187 2974 1071 3058; baseline 0 -19"><span class='ocrx_word' id='word_1_248' title='bbox 187 3018 196 3040; x_wconf 81' lang='lat'><em>.</em></span> <span class='ocrx_word' id='word_1_249' title='bbox 232 2981 320 3038; x_wconf 89' lang='lat' dir='ltr'><strong>Haec</strong></span> <span class='ocrx_word' id='word_1_250' title='bbox 355 2979 430 3038; x_wconf 87' lang='lat' dir='ltr'><strong>dum</strong></span> <span class='ocrx_word' id='word_1_251' title='bbox 462 2988 634 3058; x_wconf 90' lang='lat' dir='ltr'><strong>geruntur,</strong></span> <span class='ocrx_word' id='word_1_252' title='bbox 667 2977 879 3051; x_wconf 82' lang='lat' dir='ltr'><strong>Artaxerxes,</strong></span> <span class='ocrx_word' id='word_1_253' title='bbox 908 2974 1035 3038; x_wconf 86' lang='lat' dir='ltr'><strong>remini·</strong></span> <span class='ocrx_word' id='word_1_254' title='bbox 1058 3003 1071 3039; x_wconf 86' lang='lat'>1</span> 
     </span>
     <span class='ocr_line' id='line_1_34' title="bbox 73 3054 1035 3150; baseline -0.008 -26"><span class='ocrx_word' id='word_1_255' title='bbox 73 3079 183 3136; x_wconf 88' lang='lat' dir='ltr'><strong>scens,</strong></span> <span class='ocrx_word' id='word_1_256' title='bbox 199 3075 216 3118; x_wconf 90' lang='lat' dir='ltr'><strong>a</strong></span> <span class='ocrx_word' id='word_1_257' title='bbox 233 3069 351 3150; x_wconf 81' lang='lat' dir='ltr'><strong>quanto</strong></span> <span class='ocrx_word' id='word_1_258' title='bbox 367 3055 452 3117; x_wconf 87' lang='lat' dir='ltr'><strong>bello</strong></span> <span class='ocrx_word' id='word_1_259' title='bbox 468 3054 508 3122; x_wconf 81' lang='lat' dir='ltr'><strong>ad</strong></span> <span class='ocrx_word' id='word_1_260' title='bbox 524 3075 617 3136; x_wconf 87' lang='lat' dir='ltr'><strong>quam</strong></span> <span class='ocrx_word' id='word_1_261' title='bbox 632 3071 762 3134; x_wconf 61' lang='lat' dir='ltr'><strong>parmam</strong></span> <span class='ocrx_word' id='word_1_262' title='bbox 776 3071 844 3112; x_wconf 90' lang='lat' dir='ltr'><strong>rem</strong></span> <span class='ocrx_word' id='word_1_263' title='bbox 858 3055 1035 3134; x_wconf 86' lang='lat' dir='ltr'><strong>principem</strong></span> 
     </span>
     <span class='ocr_line' id='line_1_35' title="bbox 75 3130 1054 3228; baseline -0.007 -27"><span class='ocrx_word' id='word_1_264' title='bbox 75 3141 195 3201; x_wconf 87' lang='lat' dir='ltr'><strong>dueum</strong></span> <span class='ocrx_word' id='word_1_265' title='bbox 209 3136 362 3214; x_wconf 80' lang='lat' dir='ltr'><strong>misisset,</strong></span> <span class='ocrx_word' id='word_1_266' title='bbox 377 3156 412 3196; x_wconf 90' lang='lat' dir='ltr'><strong>se</strong></span> <span class='ocrx_word' id='word_1_267' title='bbox 426 3130 495 3228; x_wconf 90' lang='lat' dir='ltr'><strong>ipse</strong></span> <span class='ocrx_word' id='word_1_268' title='bbox 510 3134 540 3214; x_wconf 70' lang='lat' dir='ltr'><strong>l)</strong></span> <span class='ocrx_word' id='word_1_269' title='bbox 555 3133 778 3218; x_wconf 89' lang='lat' dir='ltr'><strong>reprehendit,</strong></span> <span class='ocrx_word' id='word_1_270' title='bbox 794 3144 827 3192; x_wconf 88' lang='lat' dir='ltr'><strong>et</strong></span> <span class='ocrx_word' id='word_1_271' title='bbox 840 3135 982 3194; x_wconf 87' lang='lat' dir='ltr'><strong>nuntium</strong></span> <span class='ocrx_word' id='word_1_272' title='bbox 996 3135 1054 3194; x_wconf 86' lang='lat' dir='ltr'><strong>ad-</strong></span> 
     </span>
     <span class='ocr_line' id='line_1_36' title="bbox 77 3209 1096 3298; baseline -0.008 -16"><span class='ocrx_word' id='word_1_273' title='bbox 77 3216 256 3282; x_wconf 82' lang='lat' dir='ltr'><strong>exercitum</strong></span> <span class='ocrx_word' id='word_1_274' title='bbox 275 3215 364 3278; x_wconf 84' lang='lat' dir='ltr'><strong>Acen</strong></span> <span class='ocrx_word' id='word_1_275' title='bbox 384 3215 486 3291; x_wconf 79' lang='lat' dir='ltr'><strong>mint,</strong></span> <span class='ocrx_word' id='word_1_276' title='bbox 510 3216 598 3298; x_wconf 90' lang='lat' dir='ltr'><strong>quod</strong></span> <span class='ocrx_word' id='word_1_277' title='bbox 619 3209 760 3274; x_wconf 89' lang='lat' dir='ltr'><strong>nondum</strong></span> <span class='ocrx_word' id='word_1_278' title='bbox 775 3211 941 3272; x_wconf 87' lang='lat' dir='ltr'><strong>Datamem</strong></span> <span class='ocrx_word' id='word_1_279' title='bbox 961 3231 1036 3292; x_wconf 82' lang='lat' dir='ltr'><strong>pro·</strong></span> <span class='ocrx_word' id='word_1_280' title='bbox 1093 3259 1096 3264; x_wconf 79' lang='lat'>·</span> 
     </span>
    </p>
   </div>
   <div class='ocr_carea' id='block_1_4' title="bbox 85 3351 277 3372">
    <p class='ocr_par' dir='ltr' id='par_1_6' title="bbox 85 3351 277 3372">
     <span class='ocr_line' id='line_1_37' title="bbox 85 3351 277 3372; baseline -0.021 -2"><span class='ocrx_word' id='word_1_281' title='bbox 85 3351 277 3372; x_wconf 56' lang='grc' dir='ltr'><strong><em>Μ</em></strong></span> 
     </span>
    </p>
   </div>
   <div class='ocr_carea' id='block_1_5' title="bbox 60 3394 613 3486">
    <p class='ocr_par' dir='ltr' id='par_1_7' title="bbox 60 3394 613 3486">
     <span class='ocr_line' id='line_1_38' title="bbox 60 3394 613 3486; baseline -0.014 -12"><span class='ocrx_word' id='word_1_282' title='bbox 60 3394 65 3396; x_wconf 90' lang='lat'>-</span> <span class='ocrx_word' id='word_1_283' title='bbox 133 3416 161 3484; x_wconf 72' lang='grc'><strong>4)</strong></span> <span class='ocrx_word' id='word_1_284' title='bbox 180 3409 223 3470; x_wconf 69' lang='lat' dir='ltr'><strong>sd·</strong></span> <span class='ocrx_word' id='word_1_285' title='bbox 242 3415 298 3467; x_wconf 84' lang='lat' dir='ltr'><strong>Ult.</strong></span> <span class='ocrx_word' id='word_1_286' title='bbox 316 3415 386 3467; x_wconf 75' lang='lat' dir='ltr'><strong>Stat.</strong></span> <span class='ocrx_word' id='word_1_287' title='bbox 407 3411 440 3468; x_wconf 63' lang='lat' dir='ltr'><strong>alt</strong></span> <span class='ocrx_word' id='word_1_288' title='bbox 469 3434 496 3467; x_wconf 83' lang='lat' dir='ltr'><strong>ss</strong></span> <span class='ocrx_word' id='word_1_289' title='bbox 516 3419 613 3486; x_wconf 78' lang='lat' dir='ltr'><strong>ipsum.</strong></span> 
     </span>
    </p>
   </div>
   <div class='ocr_carea' id='block_1_6' title="bbox 0 0 1282 3872">
    <p class='ocr_par' dir='ltr' id='par_1_8' title="bbox 0 0 1282 3872">
     <span class='ocr_line' id='line_1_39' title="bbox 0 0 1282 3872; baseline 0 0"><span class='ocrx_word' id='word_1_290' title='bbox 0 0 1282 3872; x_wconf 95' lang='lat' dir='ltr'><strong> </strong></span> 
     </span>
    </p>
   </div>
  </div>
 </body>
</html>
