2524 3872
398 403 481 470 xlv.
502 421 677 484 sternuat.¹
690 425 715 466 ι.
738 421 768 492 aa
1031 409 1072 488 75

133 567 258 618 madentia
277 574 304 617 et
322 566 435 618 consilio
451 567 568 620 Datamis
584 567 699 621 vincitur
722 575 802 634 atque
820 566 855 624 de
870 585 938 636 parc
956 569 1018 636 agit.
1037 595 1071 632 ‘t-

113 585 161 684 lX.
189 636 244 686 Rex
269 650 319 702 por
346 633 452 684 insidias
475 637 612 685 Datamem
631 634 782 684 interficere
807 643 907 700 tentat,
934 653 998 702 quas
1024 637 1071 688 ille

112 703 256 770 plerasque
274 703 346 751 vitat.
374 729 408 740 -·
435 703 468 750 X.
494 701 679 763 Mithridates,
697 699 766 751 fidus
783 703 854 770 regi,
881 705 972 772 specie
995 698 1070 756 dese&

112 771 213 821 etiouis
230 770 370 820 Datamem
390 769 464 837 capit
482 778 509 820 et
523 768 658 818 interficit.
1050 780 1053 789 “

192 915 216 972 Ι.
240 911 343 974 Venio
359 933 441 974 nuno
461 914 501 974 ad
526 912 735 976 fortissimum
756 914 859 974 virum
879 914 1070 998 maximique
1094 912 1106 948 ¹

112 992 236 1054 consilii
259 993 400 1052 omnium
427 993 653 1066 barbarorum,
682 993 823 1072 exceptis
846 994 971 1054 duobus
994 998 1071 1056 car·

49 1071 57 1083 ‘
111 1071 376 1153 thaginiensibus,
396 1074 576 1133 Hamilcare
592 1084 625 1132 ct
639 1072 824 1134 Hannibale.
849 1075 898 1134 De
920 1094 984 1154 quo
1005 1075 1068 1134 hoc
1086 1073 1109 1142 '2

112 1152 206 1234 plura
227 1150 424 1228 referemus,
446 1153 534 1239 quod
555 1163 588 1212 et
609 1151 796 1214 obscuriora
813 1164 885 1212 sunt
898 1153 965 1213 eius
980 1165 1070 1236 'gesta

111 1234 296 1324 pleraque,¹
314 1241 347 1290 et
370 1250 422 1304 ea,
451 1253 533 1316 quae
560 1252 719 1312 prospere
744 1231 775 1290 ei
799 1242 979 1308 cesserunt,
1006 1253 1070 1292 non

111 1309 327 1391 magnitudine
340 1311 519 1404 copiarum,
534 1311 590 1371 sed
605 1311 738 1386 consilii,
753 1333 818 1404 quo
832 1324 900 1372 tum
914 1308 944 1389 9)
960 1323 1082 1371 omnesx

112 1387 300 1470 superabat,
323 1389 526 1452 acciderunt:
556 1411 692 1473 quorum
720 1389 778 1449 nist
806 1392 888 1450 ratio
917 1390 1071 1471 explicate

111 1469 228 1542 l‘uerit,
255 1489 308 1528 res
337 1489 491 1562 apparere
512 1490 574 1529 non
596 1480 756 1550 poterunt.
784 1471 949 1542 Datames,
977 1469 1109 1550 patred

111 1547 304 1622 Camissare,
326 1558 452 1610 natrone
471 1550 569 1620 Care,
589 1561 691 1608 matre
705 1548 862 1626 Scythissa
877 1561 987 1623 natus,
1007 1547 1072 1628 pri·

109 1649 196 1686 mum
219 1627 353 1690 militum
375 1647 508 1688 numero
530 1628 591 1687 fuit
611 1629 694 1707 apud
711 1630 919 1688 Artaxerxem
942 1647 1069 1702 eorum,

111 1706 169 1788 qui
193 1708 312 1786 regiam
335 1705 515 1766 tuebantur.
548 1708 644 1764 Pater
669 1707 960 1780 eiusCamissarcs,
1004 1705 1071 1765 uod

110 1795 145 1844 et
159 1807 252 1843 manu
270 1783 374 1857 fortis,
397 1795 430 1842 et
443 1785 529 1845 hello
545 1795 712 1857 strenuus,
733 1796 766 1843 et
786 1785 856 1865 regi
871 1728 1070 1852 multialocis

108 1861 214 1922 fidelis
238 1873 307 1920 erat
328 1873 495 1940 repertus,
515 1859 625 1919 habuit
646 1861 841 1940 provinciam
856 1875 979 1941 partem
997 1862 1072 1920 Cili-

109 1942 180 2000 ciae
207 1941 293 1998 iuxta
323 1940 571 2018 Cappadociam,
627 1959 699 1998 uam
725 1939 872 1999 incolunt
886 1937 1070 2016 Leucosyri.

108 2021 281 2093 Datames,
311 2017 447 2078 militare
468 2037 579 2078 munus
605 1959 759 2097 iungens,
786 2017 941 2098 primum,
969 2017 1111 2099 qualisl}

108 2109 213 2171 esset,
231 2098 376 2178 apparuit
390 2097 420 2155 in
437 2095 541 2171 bello,
560 2095 652 2179 qnod
672 2117 728 2156 rex
747 2097 899 2157 adversus
918 2095 1070 2157 Cadusios

108 2177 218 2257 gessit.
248 2179 389 2271 Namque
410 2175 477 2248 hic,
503 2177 609 2237 multis
630 2175 768 2236 millibus
789 2177 953 2258 regiorum
973 2177 1071 2236 inter·

108 2257 219 2332 lectis,
243 2277 345 2338 magni
369 2257 428 2316 l'nit
452 2257 518 2316 eius
544 2277 653 2336 opera.
686 2256 760 2348 Quo
785 2256 993 2321 factumest.
1017 2267 1070 2330 ut,
1094 2261 1098 2272 '

78 2353 210 2416 anuni
232 2335 263 2395 in
289 2355 328 2396 eo
350 2336 437 2398 hello
459 2336 626 2398 cecidisset
648 2335 857 2415 Camissares,
887 2347 1021 2420 paterna
1040 2334 1070 2394 ci

70 2429 74 2439 '
108 2413 294 2474 traderetur
315 2416 487 2494 provincia.
1115 2470 1121 2478 .

191 2495 227 2551 ll.
257 2493 332 2551 Pari
354 2515 389 2554 se
417 2494 535 2556 virtute
562 2507 675 2575 postea
694 2495 859 2576 praebuit,
887 2515 985 2578 quum
1006 2493 1071 2552 Au·
1095 2517 1108 2556 1

108 2571 317 2650 tophradates
352 2573 438 2633 iussu
468 2575 554 2654 regis
585 2574 672 2633 bello
710 2595 805 2654 perse
829 2587 963 2634 ueretur
995 2577 1098 2650 eos,²

110 2652 167 2732 qui
189 2649 383 2710 defecerant.
424 2653 568 2734 Namque
589 2651 681 2711 huius
704 2597 950 2732 operairostes,
972 2673 1071 2733 quum

112 2740 216 2789 castra
239 2731 301 2788 iarn
329 2729 516 2804 intrassent,
543 2727 706 2822 profligati
726 2743 816 2807 sunt,
845 2731 1070 2811 exercitusque

110 2807 254 2890 reliquus
271 2820 477 2868 conservatus
491 2828 576 2890 regis
590 2808 615 2885 ¹)
627 2821 694 2870 est:
716 2831 778 2892 qua
793 2831 832 2870 ex
846 2829 883 2869 re
897 2807 1069 2868 maioribus

111 2885 211 2946 rebus
231 2908 380 2968 praeesse
402 2886 518 2968 coepit.
559 2889 638 2946 Erat
658 2907 697 2947 eo
717 2901 866 2970 tempore
888 2887 993 2966 Thyna
1016 2889 1109 2966 ἅμ

111 2978 216 3026 nastes
237 2966 488 3048 Paphlagoniae,
511 2965 639 3048 antiquo
665 2987 784 3047 genere
805 2977 895 3026 natus
920 2987 937 3024 a
961 2968 1071 3045 Pylac-

112 3065 206 3106 mene
227 3047 301 3122 illo,
331 3067 426 3130 quem
448 3049 607 3106 Homerus
631 3046 750 3106 Troico
774 3046 861 3105 bollo
882 3069 899 3105 a
920 3045 1070 3106 Patroclo

111 3123 317 3187 interfectum
349 3127 403 3190 ait.
445 3128 474 3186 le
510 3122 580 3207 regi
615 3123 702 3185 dicto
739 3125 869 3185 audiens
900 3145 964 3184 non
993 3137 1070 3184 erat.

177 3345 195 3396 9
226 3333 261 3382 al.
280 3338 375 3382 contra
392 3331 474 3382 codd.
494 3341 599 3383 tantum
618 3347 675 3380 non
695 3345 793 3380 omines.
854 3387 859 3396 ,
1032 3335 1039 3348 ⁴

183 3415 191 3448 1
234 3399 310 3448 drrst
338 3397 403 3469 haec
435 3417 486 3453 voa
509 3401 537 3452 iu
563 3399 625 3456 edd·
649 3406 727 3464 vell,
744 3404 863 3456 dtaenlffl'
881 3410 947 3454 ,eam
972 3391 1069 3457 &dd-s

114 3465 192 3533 Bard,
210 3467 244 3520 al.
263 3467 434 3520 incluserunt.
451 3496 486 3516 „-
528 3531 530 3536 ,
