2524 3872
412 421 464 482 m.
488 440 668 488 suaserunt.
693 441 723 486 s.
746 421 775 487 3.
1053 427 1093 492 33

133 577 241 644 fectus
262 591 320 642 est.
352 582 467 665 Neque
488 581 574 644 aliud
598 584 767 648 catullum
786 583 880 647 huius
901 586 933 646 in
954 605 991 648 re
1014 585 1093 648 mili·
1115 604 1133 646 s

132 661 194 724 tari
216 661 341 722 illustre
350 661 499 743 [factum]
516 659 558 742 9),
579 684 673 745 quam
692 663 784 740 huius
792 667 1094 746 imperiimemoria3

132 739 271 800 iustitiae
296 759 392 816 vero,
418 752 451 801 et
475 743 664 825 aequitatis,
693 757 726 806 et
751 746 948 806 innocentiae
971 746 1093 807 multat

131 819 165 879 in
185 817 313 900 primis,
338 818 426 902 quod
447 819 514 880 eius
535 822 697 904 aequitate
720 824 841 886 factum
862 837 926 899 est,
945 846 1042 906 quum
1063 823 1095 885 in

132 897 293 958 communi
314 899 415 958 classe
442 911 528 960 essct
550 901 705 962 Graeciae
725 903 816 963 simul
839 922 910 962 cum
931 903 1095 978 Pausania,

131 997 199 1059 quo
220 976 304 1038 duce
324 976 508 1038 Mardonius
527 993 597 1042 erat
616 979 763 1064 fugatus,
784 994 820 1042 ut
834 1002 953 1042 summa
969 981 1104 1062 imperii.

131 1055 285 1116 maritimi
314 1053 352 1115 ab
382 1057 643 1120 Lacedaemoniis
672 1061 905 1121 transferretur
931 1060 970 1120 ad
997 1059 1095 1121 Athe-

131 1133 270 1196 nienses.
309 1137 454 1219 Namque
482 1149 554 1198 aute
581 1139 614 1199 id
639 1151 766 1222 tempus
794 1151 828 1200 et
850 1140 983 1200 marist
1007 1137 1134 1202 terrai

132 1213 233 1274 duces
254 1226 345 1274 erant
367 1215 620 1278 Lacedaemonii.
656 1221 738 1279 Tum
760 1229 866 1278 autem
889 1231 921 1278 et
940 1218 1096 1298 intempe-

131 1293 233 1374 rantia
254 1292 446 1372 Pausaniae,
467 1307 500 1356 et
520 1295 638 1359 iustitia
659 1297 778 1359 factum
802 1309 852 1358 est
872 1297 1037 1372 Aristidis,
1058 1307 1095 1356 ut

133 1390 244 1432 omnes
265 1370 338 1432 fere
353 1373 496 1434 civitates
512 1376 665 1438 Graeciae
687 1377 726 1437 ad
740 1375 978 1438 Atheniensium
994 1374 1097 1434 socie·

131 1461 232 1512 tatem
248 1471 283 1512 se
299 1453 513 1534 applicarent,
533 1468 566 1518 et
586 1456 738 1518 adversus
752 1453 905 1518 barbaros
922 1454 981 1516 hos
997 1453 1096 1514 duces

132 1527 315 1611 deligerent
333 1530 404 1592 sibi.

212 1611 262 1671 lll.
285 1611 453 1698 Quosque
473 1609 501 1691 ¹)
519 1611 642 1674 facilius
656 1613 864 1697 repellerent,
885 1611 911 1672 si
925 1610 1012 1671 forte
1026 1609 1095 1670 bel·
1119 1629 1131 1668 ι

130 1685 199 1748 lum
221 1710 378 1752 renovare
399 1704 607 1767 conarentur,
639 1693 679 1754 ad
700 1695 815 1754 classes
832 1688 862 1771 ²)
887 1689 1094 1750 aedificandas

77 1785 78 1793 ¹
132 1769 357 1851 exercitusque
385 1771 615 1849 comparandos
640 1783 791 1852 quantum
821 1769 974 1850 pecuniae
1000 1787 1095 1849 quae-

134 1865 199 1930 que
231 1847 340 1908 civitas
366 1847 474 1922 daret,
503 1847 659 1908 Aristides
681 1849 825 1908 delectus
847 1859 913 1922 est,
945 1847 1001 1927 qui
1022 1865 1097 1905 con·

134 1927 302 2000 stitueret,
331 1924 464 2016 eiusque
488 1925 621 1984 arbitrio
646 1927 860 2008 quadringena
885 1937 917 1984 et
941 1943 1097 2004 sexagena

133 2005 256 2067 talenta
276 2015 444 2086 quotannrs
460 2003 579 2062 Delum
600 2017 673 2064 sunt
694 2005 818 2065 collata.
861 2003 897 2061 Id
912 2004 995 2062 euim
1012 2021 1097 2062 com·

133 2103 231 2145 mune
252 2081 411 2143 aerarium
435 2101 505 2142 esse
527 2082 707 2144 voluerunt.
736 2082 827 2168 Quae
842 2082 942 2143 omnis
962 2080 1097 2162 pecunia

134 2174 269 2247 postero
290 2172 438 2242 ternpore
458 2160 598 2222 Athenas
612 2162 762 2223 translata
779 2173 836 2222 est.
867 2162 929 2222 Hic
941 2182 1005 2244 qua
1025 2159 1096 2222 fue·
1118 2171 1136 2214 2

136 2245 181 2305 rit
208 2242 411 2318 abstinentia,
442 2240 565 2300 nullum
593 2247 642 2301 est'
663 2243 782 2303 certius
811 2240 1097 2322 indicium,qua1n

137 2321 243 2405 quod,
256 2342 366 2406 quum
385 2321 479 2382 tantis
504 2320 603 2381 rebus
623 2321 835 2401 praefuisset,
858 2321 892 2381 in
914 2331 1000 2380 tanta
1020 2339 1097 2398 pau·

161 2412 263 2461 ertate
285 2401 441 2478 decessit,
469 2411 520 2475 ut,
543 2399 598 2493 qui
620 2399 813 2479 efferretur,
847 2401 898 2463 vix
918 2396 1097 2480 reliquerit.

136 2423 212 2620 {uo
232 2478 353 2540 factum
373 2491 437 2555 est,
457 2491 494 2540 ut
513 2476 597 2538 fihae
619 2479 687 2538 eius
710 2480 840 2572 publice
862 2479 1042 2550 alerentur,
1063 2485 1097 2534 et
1117 2469 1137 2533 3

160 2580 179 2620 e
199 2556 359 2618 communi
380 2557 503 2617 aerario
520 2555 648 2618 dotibus
664 2557 745 2618 datis
762 2560 1007 2619 collocarentur.
1032 2555 1097 2613 De·

138 2638 235 2700 cessit
254 2648 362 2697 autem
383 2633 453 2695 fere
477 2647 554 2716 post
573 2655 688 2696 annum
709 2649 875 2719 quartum,
898 2655 992 2718 quam
1013 2631 1097 2692 The·

134 2717 297 2780 mistocles
320 2713 453 2775 Athenis
475 2725 545 2774 erat
566 2715 724 2796 expulsus.

204 2970 238 3032 9)
252 2963 364 3034 foetum
381 2965 457 3014 uncis
475 2963 582 3026 inclusi,
601 2961 635 3014 cf.
651 2961 695 3014 ed.
708 2963 784 3016 lleid.

207 3037 236 3100 t)
259 3035 304 3086 alii
331 3035 432 3082 omisso
451 3032 613 3100 pronomine
637 3048 724 3101 quos,
761 3047 829 3097 quae
859 3037 1018 3098 sequuntur:
1042 3046 1097 3099 qus

127 3096 251 3170 facilius
276 3118 387 3169 rep...
412 3109 593 3158 cantarentur,
623 3098 797 3167 praecedeuti
829 3099 911 3168 capiti
937 3098 1099 3162 adiungunt,

136 3169 189 3222 rid.
206 3168 308 3224 Dachn.
329 3193 360 3206 -
379 3170 412 3236 ι)
439 3167 488 3220 Ax.
507 3165 625 3236 Guelph.
648 3165 753 3216 elassis.

547 3314 732 3334 m

205 3489 407 3565 Cornsllepos.
