2524 3872
182 413 223 478 Μ
449 402 486 461 11.
518 369 775 464 rennuere-caes.
801 421 825 458 r.
849 413 877 458 a.

96 573 99 584 '
180 563 244 612 tiles
256 563 317 612 anni
332 561 418 626 4Βοί
431 561 494 612 Chr.
505 559 545 629 n.)
564 587 597 600 -
613 560 660 610 1v.
679 561 822 614 Persarum
838 557 1057 610 classia'vincihrr
1071 558 1158 626 apud
1247 589 1248 596 .

182 629 316 679 Salamina
334 627 390 696 (die
407 643 433 692 9.
452 627 585 678 Calendas
602 627 737 678 Octobres
755 644 798 676 an.
817 624 869 691 480
881 642 904 676 a.
921 623 983 676 Chr.
1000 627 1039 694 n.)
1058 657 1091 666 -
1115 627 1157 676 V.
1247 641 1248 652 ¹

180 696 263 747 Xerxi
280 695 438 762 persuadet,
455 703 487 744 ut
501 697 526 744 in
537 695 656 745 Persium
668 695 791 760 refugiat.
803 723 836 734 -
854 695 899 744 Vl.
917 693 1020 744 Piraeei
1033 701 1157 760 portum

182 771 210 814 et
238 779 329 812 muros
359 762 521 813 Athenarum
540 763 658 812 exstruit.
694 760 902 812 Lacedaemonii
926 769 1086 826 repugnant.
1115 790 1159 800 -

181 829 242 880 v11.
260 829 491 880 Lacedaemonios
509 837 566 878 arte
590 829 695 878 deludit
713 843 813 892 eosque
829 825 1011 896 reprehendit.
1035 855 1068 866 —
1091 827 1156 878 111.

182 898 348 946 Ostracismo
368 899 395 946 in
415 897 522 947 exilium
546 897 647 946 eiectus
665 897 738 944 varia
756 896 818 961 fuga
836 897 958 960 agitatur.
982 921 1014 932 -
1032 895 1080 944 lx.
1103 893 1156 944 Ad

182 963 358 1014 Artaxerxem
374 966 465 1016 literas
486 963 530 1014 dat
548 964 639 1012 salutis
663 978 749 1013 causa.
770 989 803 1000 -
826 965 862 1012 X.
879 961 969 1012 Multis
988 962 1157 1011 muneribus

183 1029 217 1080 ab
236 1047 269 1081 eo
292 1038 412 1086 ematur.
447 1032 565 1084 Moritur
583 1031 736 1096 Magnesiae
755 1027 827 1098 (471.
844 1032 887 1082 rel
905 1027 954 1094 465
973 1043 998 1077 a.
1018 1027 1082 1078 Chr.
1095 1027 1155 1096 n.).

245 1177 270 1236 l.
290 1163 561 1247 Tunnrs‘rocnnm
581 1159 692 1232 Neocli
707 1169 807 1248 filius,
834 1172 1059 1234 Atheniensis(
1078 1177 1153 1236 Hu-

181 1256 230 1315 ius
252 1255 328 1316 vitia
348 1247 483 1314 ineuntis
505 1251 738 1313 adolescentiae
754 1272 805 1310 ma
830 1251 875 1312 nis
890 1266 964 1313 aunt
979 1254 1154 1316 emendata

181 1333 371 1408 virtutibus,
404 1330 485 1392 adeo
516 1343 553 1392 ut
583 1329 781 1390 anteferatur
807 1272 886 1392 huic
909 1353 1021 1408 nemu,
1052 1327 1154 1412 pauci

142 1426 161 1469 a
181 1432 276 1492 pares
295 1423 457 1492 putentur.
499 1411 562 1470 Sed
585 1409 624 1469 ab
645 1409 734 1470 initio
751 1422 800 1472 est
822 1409 1021 1472 ordiendum.
1044 1413 1154 1472 Pater

181 1490 249 1550 eius
263 1489 399 1550 Neocles
414 1509 589 1570 generosus
600 1487 672 1548 fuit.
696 1490 724 1548 Is
738 1509 872 1549 uxorem
883 1489 1099 1552 Acharnanam
1111 1491 1148 1569 2)

122 1635 123 1638 Ἴ
182 1568 286 1628 civem
311 1567 417 1644 duxit,
450 1588 490 1628 ex
517 1589 578 1650 qua
596 1577 695 1632 natus
718 1579 766 1628 est
795 1567 1046 1632 Themistocles.¹
1079 1569 1150 1708 (gui

182 1669 280 1730 quum
301 1645 402 1706 minus
417 1658 502 1708 esset
516 1645 668 1727 probatus
687 1646 889 1726 parentibus,
931 1649 997 1708 uod
1014 1661 1047 1710 et
1065 1648 1087 1706 li
1112 1669 1152 1710 e-

181 1725 248 1784 rius
270 1725 413 1802 vivebat,
440 1737 473 1787 et
493 1747 562 1802 rem
583 1723 772 1786 familiarem
793 1726 921 1808 neglige
945 1739 993 1800 at,
1015 1750 1032 1786 a
1052 1739 1151 1807 patre

140 1801 161 1864 ³
186 1803 397 1866 exheredatus
422 1816 480 1866 est.
523 1804 615 1896 Quae
638 1805 918 1872 contumelianon
938 1804 1038 1886 fregit
1060 1827 1150 1882 eum,

181 1883 240 1944 sed
264 1883 375 1946 erexit.
415 1887 494 1945 Nam
516 1905 615 1968 quum
638 1882 828 1960 iudicasset,
853 1883 919 1944 sine
951 1905 1072 1947 summa
1099 1884 1149 1944 in÷
1176 1884 1179 1890 ’

86 2005 93 2017 .
182 1961 302 2022 dustria
322 1985 385 2024 nun
412 1983 509 2044 posse
535 1984 604 2022 eam
626 1961 801 2054 exstingui,
830 1973 934 2022 tutum
962 1982 997 2022 se
1022 1963 1149 2026 dedidit
1247 2021 1248 2030 ,

111 2042 117 2053 “
180 2040 230 2099 rei
253 2040 395 2116 ublieae,
428 2041 608 2101 dilirrentius
646 2039 753 2098 amicus
788 2040 956 2124 famaeque
991 2041 1149 2104 serviens.

181 2062 318 2176 Multum
339 2119 372 2176 in
386 2089 509 2180 iudiciis
553 2117 661 2178 rivatis
677 2119 884 2188 versutarum
906 2140 1001 2213 saepe
1022 2121 1054 2180 in
1070 2140 1151 2180 con-

181 2195 307 2256 cionem
323 2198 436 2277 populi
453 2217 513 2277 pro
538 2195 618 2274 ibat3
637 2193 724 2255 nulla
742 2217 795 2257 res
819 2198 919 2258 maior
940 2219 1007 2260 sme
1028 2219 1068 2258 eo
1089 2219 1150 2279 ge-

180 2273 330 2350 rebatur,
358 2276 588 2357 celeriterque,
606 2294 688 2358 quae
712 2289 920 2356 apusorum,
950 2277 1149 2358 reperiebat.

141 2355 295 2434 lsNeque
323 2353 424 2413 minus
453 2355 485 2414 in
521 2353 619 2413 rehus
650 2356 799 2434 gerendis
834 2368 1020 2435 promptus,
1049 2376 1148 2436 quam

183 2431 416 2512 excogitandis,
441 2445 530 2507 erat,
558 2431 645 2514 quod
678 2445 711 2492 et
739 2434 779 2494 de
803 2433 989 2494 instantibus
1022 2436 1074 2514 (ut
1102 2435 1151 2496 ait

182 2509 400 2590 Thucydides)
423 2511 587 2574 verissime
607 2509 783 2588 iudicabat,
805 2524 838 2572 et
858 2511 899 2572 de
918 2511 1035 2572 futuris
1059 2513 1149 2572 calli-

182 2587 311 2647 dissime
326 2590 523 2653 eoniiciebat.
564 2589 640 2686 Quo
661 2587 784 2655 factum
806 2603 871 2670 est,
891 2603 928 2650 ut
947 2591 1041 2654 brevi
1063 2604 1150 2654 tem·

181 2685 264 2747 pore
284 2666 508 2731 illustraretur.-

241 2745 278 2803 ll.
296 2746 429 2808 'Primus
454 2761 559 2809 autem
581 2746 697 2828 gradus
721 2747 784 2808 fuit
805 2747 1016 2828 capessendae
1036 2747 1147 2827 reipu-

181 2823 284 2884 blicae
300 2823 387 2888 bellu
404 2829 600 2906 Corcyraeo:
620 2827 662 2886 'ad
682 2828 769 2908 quod
783 2827 960 2908 gerendum
976 2838 1108 2906 praetor
1126 2846 1146 2884 a

182 2903 304 3040 populo
328 2903 432 2965 factus
452 2928 515 2968 non
539 2904 642 2964 solum
662 2905 822 2984 Praesenti
842 2904 948 2978 hello,
969 2904 1027 2964 sed
1048 2905 1144 2963 etiam

142 2998 162 3041 a
184 3001 221 3042 re
235 3002 310 3065 rquo
329 2993 476 3072 tempore
491 2981 688 3048 ferociorem
704 2984 845 3045 reddidit
866 2984 1035 3047 civitatem.
1063 2984 1145 3044 Nam

181 3133 372 3149 W

231 3229 258 3298 a)
281 3231 318 3280 ita
338 3247 353 3280 e
371 3229 454 3282 codd.
472 3231 564 3283 Buecl.
580 3233 668 3286 Ernst.
690 3237 724 3284 al.
742 3233 883 3286 ediderunt
901 3231 978 3282 Bard.
998 3233 1085 3283 Brem.
1107 3257 1141 3271 -
1186 3245 1189 3250 ’

182 3295 244 3348 cod.
262 3297 348 3362 Long.
375 3297 455 3348 habet
472 3302 667 3360 Acarnanam,
692 3301 768 3366 quod
791 3299 894 3350 Daehn.
918 3300 1025 3365 probat.
1046 3326 1079 3336 -
1098 3298 1140 3348 ed.

181 3363 504 3481 Aldlllnlicprnusseam,
521 3381 600 3432 quam
609 3368 702 3418 Lamb.
717 3367 777 3418 Bos.
791 3367 860 3418 Stat.
876 3365 972 3418 Tasch.
985 3365 1086 3416 Giinth.
1105 3368 1140 3416 al.

181 3447 266 3481 secur
286 3447 355 3482 suu.
375 3458 409 3471 -
503 3480 507 3486 ,
