2564 3872
205 416 260 459 saa
475 391 587 457 xvln.
609 405 771 454 uumerus.
796 409 841 452 rs.
859 391 902 456 13.

201 567 308 632 retur,
338 573 381 618 ue
409 575 471 637 qua
492 549 608 614 seditio
632 552 791 613 exercitus
814 549 974 630 oriretur,
998 553 1102 614 vetuit
1123 554 1167 614 ad

202 658 274 698 eum
289 655 481 718 quemquam
494 632 633 709 admitti,
655 643 688 693 et
705 631 922 715 quotidianum
937 633 1057 695 victum
1076 653 1167 693 amo-

203 717 272 780 veri
290 715 389 775 iussit.
429 717 508 776 Nam
527 713 679 793 negabat,
704 731 739 772 se
763 712 794 772 ei
816 711 878 774 tiin
900 713 1085 790 allaturum,
1107 716 1167 797 qni

160 795 372 879 taliquando
397 791 512 854 fuisset
539 792 667 855 micus.
708 792 770 854 Hic
794 801 900 854 tamen
921 812 985 854 uon
1010 792 1166 874 amplius,

201 897 295 961 quam
315 873 475 946 triduum,
495 873 581 933 llsme
603 871 775 952 litigantes,
804 891 903 953 quum
927 881 1031 935 castra
1053 893 1168 936 move·

202 966 324 1024 rentur,
340 955 493 1014 insciente
508 953 679 1034 Antigono,
697 951 858 1034 iugulatus
872 963 921 1011 est
934 972 952 1011 a
966 951 1166 1015 custodibus.

281 1035 363 1096 xlll.
384 1033 436 1093 siu
460 1035 620 1092 Eumenes
642 1047 795 1094 annorum
812 1031 956 1114 quinque
974 1045 1007 1093 et
1027 1032 1168 1114 quadra-

201 1114 302 1196 ginta,
324 1133 422 1196 quum
440 1112 480 1171 alr
501 1129 580 1171 anno
598 1109 769 1188 vicesimo,
790 1121 940 1191 utsupra
957 1111 1166 1187 ostendimus,

200 1204 324 1274 septem
346 1209 442 1251 annos
455 1191 606 1276 Philippo
620 1189 837 1270 apparuisset,
859 1201 892 1250 et
905 1191 1061 1252 tredecim
1078 1191 1167 1271 apud

200 1270 416 1332 Alexandrum
426 1271 572 1330 eumdem
584 1271 692 1332 locun
707 1269 905 1344 obtinuisset,
919 1269 950 1332 in
960 1270 1010 1330 his
1023 1265 1146 1330 unumll

201 1352 342 1435 equitum
360 1349 426 1410 alae
439 1349 650 1430 praelisisset,
664 1359 740 1432 post
757 1361 862 1410 autem
870 1349 1044 1410 Alexandri
1054 1351 1105 1409 Ma
1153 1351 1165 1410 i

199 1443 337 1492 mortem
352 1431 528 1510 imperator
544 1429 702 1490 exereitus
718 1428 870 1504 duxisset,
884 1442 1088 1513 summosque
1125 1451 1165 1488 u-

200 1531 255 1572 ces
267 1509 383 1604 partim
397 1507 584 1588 repulisset,
601 1507 717 1592 partim
731 1507 957 1588 interfecisset,
971 1521 1081 1590 ceptus
1097 1527 1164 1570 non

202 1589 352 1682 Antigoni
377 1589 514 1662 virtute,
547 1587 605 1650 sed
628 1586 839 1648 Macedonum
871 1589 1031 1672 periurio,
1062 1589 1164 1649 talem

161 1669 311 1732 shsbutt
335 1669 454 1728 exitum
473 1667 567 1732 vitae.
607 1668 642 1731 ln
665 1680 729 1750 quo
756 1679 871 1753 quanta
891 1666 994 1730 fuerit
1020 1669 1164 1732 ennium

201 1749 309 1830 opinio
332 1763 462 1825 eorum,
485 1748 541 1831 qui
560 1759 636 1830 post
655 1747 870 1811 Alexandrum
895 1749 945 1808 Ma
1012 1759 1163 1828 irreges

201 1839 274 1889 sunt
294 1841 334 1910 ap
359 1828 463 1904 ellati,
485 1847 524 1892 ex
539 1826 602 1889 ltoc
616 1825 768 1888 facillime
781 1837 889 1906 potest
902 1827 935 1886 iu
958 1829 1051 1904 mari,
1072 1825 1163 1910 quod

200 1927 312 1986 nemo,
333 1849 478 1968 Eumene
498 1909 591 1984 tivo,
621 1924 681 1967 rex
699 1906 877 1986 appellatus
902 1921 967 1982 est,
987 1907 1044 1967 sed
1067 1923 1165 1990 prse-

159 1987 325 2067 dsectus3
354 1988 451 2048 iidem
481 1999 557 2068 post
588 1987 682 2047 huius
715 2000 863 2046 oceasum
896 1987 1002 2046 statim
1035 1985 1164 2082 regiam

176 2080 347 2128 -ornatum
373 2084 554 2152 nomenque
582 2075 780 2141 sumserunt,
809 2077 931 2149 neque,
960 2066 1048 2150 quod
1071 2064 1164 2129 tuitio

199 2148 438 2226 praedicarant,
466 2167 500 2205 se
521 2147 693 2208 Alexandri
719 2143 829 2208 liberis
855 2164 989 2227 regnum
1011 2159 1164 2221 sertare,

199 2237 364 2306 praestare
385 2224 574 2301 voluerunt,
600 2239 648 2302 et,
675 2245 739 2285 uno
760 2237 1003 2310 propugnatore
1023 2224 1164 2302 sublato,

223 2304 276 2362 uid
297 2303 469 2374 sentirent,
490 2316 695 2382 aperuerunt.
724 2306 827 2364 Huius
843 2306 979 2368 sceleris
999 2304 1164 2386 principes

200 2387 333 2446 luerunt
356 2381 553 2462 Antigonus,
581 2384 804 2459 Ptolemaeus,
829 2383 1001 2462 Seleucus,
1022 2383 1164 2462 Lysima-

158 2472 178 2536 t
202 2465 299 2540 chus,
322 2461 506 2522 Cassander.
547 2463 723 2546 Antigonus
749 2475 855 2525 autem
877 2465 1055 2528 Eumenem
1075 2483 1164 2524 mor·

199 2556 290 2604 tuum
314 2541 503 2626 propinquis
525 2543 592 2605 eius
617 2543 838 2628 sepeliendum
858 2544 999 2605 tradidit
1040 2543 1083 2602 Hi
1102 2542 1164 2602 mi·

199 2623 282 2682 litari
301 2621 437 2685 honesto
451 2621 576 2700 itinere,
596 2625 767 2688 comitante
787 2633 859 2683 toto·
872 2624 1032 2700 exercitu,
1052 2620 1165 2682 huma-

200 2713 326 2781 verunt,
343 2721 477 2784 ossaque
493 2703 559 2763 eius
574 2704 606 2764 in
621 2704 664 2763 Ca
689 2702 855 2785 padoeiam
870 2702 910 2763 ad
925 2715 1057 2763 matrem
1067 2712 1163 2785 atque

200 2798 335 2845 uxorem
357 2781 543 2864 liberosque
564 2783 631 2844 eius
680 2781 855 2866 eportanda
878 2794 1039 2844 curarunt.

164 2981 166 2984 ⁵
210 3051 214 3056 -
255 3021 285 3092 s)
305 3020 432 3074 mesae.
445 3020 651 3092 suasuros..
664 3019 781 3074 tttsid.
798 3021 825 3072 s.
847 3049 881 3062 -
898 3017 1054 3087 summm
1068 3024 1128 3072 aar.

568 3205 758 3224 Ἠ

1275 1079 1277 1170 n

1148 1271 1164 1349 l

1270 1735 1277 1908 ⁴
