2524 3872
489 441 528 504 V.
553 459 666 504 cruos.
688 460 719 502 a.
739 443 767 505 3.
1069 447 1120 528 39.

144 600 284 677 fecerat,
303 601 368 682 egit
386 619 457 661 euna
472 600 620 678 Cimone,
641 612 763 661 ateana
779 600 984 664 sibiuxorem
1000 605 1108 667 daret:

144 681 180 740 id
201 681 228 746 si
249 681 465 760 impetrasset,
495 701 529 740 se
557 701 618 773 pro
640 680 695 740 illo
723 681 889 760 pecuniam
920 684 1109 745 soluturum.

145 762 176 818 ls
197 781 296 842 quum
323 759 420 818 talem
447 759 662 819 condtnonem
689 767 930 838 aspernaretur,
961 763 1150 843 Elpinicels

144 838 292 918 negavit,
313 857 348 896 se
369 857 550 930 passuram,
571 837 718 896 Miltiadis
738 838 927 975 proffieniem
948 841 979 900 in
1001 842 1111 902 vincu-

145 917 186 976 lis
209 915 346 996 puhlicis
366 927 517 991 interire,
541 917 690 998 quoniam
710 915 804 996 prohi
832 937 887 976 ere
912 932 1037 998 posset,
1062 939 1111 980 se-

103 1030 105 1036 ‚
148 1015 214 1078 que
250 995 367 1056 Calliae
401 1007 591 1075 nupturam,
625 995 651 1056 si
680 1016 735 1071 ea,
766 1015 848 1076 quae
882 998 1110 1076 polliceretur,

123 1090 136 1100 ‘
148 1074 370 1154 praestitisset.

226 1156 262 1212 II.
287 1153 357 1212 Tali
374 1153 472 1215 modo
493 1154 636 1214 custodia
656 1154 809 1224 liberatus
826 1153 939 1216 Cimon
955 1156 1107 1218 celeriter
1133 1175 1145 1212 ι

146 1233 187 1293 ad
214 1231 427 1312 principatum
454 1234 613 1314 pervenit.
652 1232 799 1294 Habebat
830 1234 912 1292 enim
931 1236 1017 1296 ‚satis
1046 1238 1111 1297 elo-

147 1311 313 1396 quentiae,
332 1333 485 1372 summam
499 1311 734 1386 liberalitatem,
750 1334 893 1394 magnam
931 1315 1111 1376 rudentium

146 1411 245 1474 quum
265 1391 343 1452 iuris
362 1391 473 1466 civilis,
495 1403 564 1452 tum
584 1391 633 1452 rei
653 1391 807 1466 militaris,
828 1412 892 1474 quo
932 1414 1005 1454 cum
1018 1407 1110 1474 patre

146 1493 165 1530 a
178 1489 282 1551 puero
304 1470 335 1530 in
352 1471 545 1531 exercitibus
566 1470 675 1531 fuerat
696 1483 849 1532 versatus.
877 1473 989 1556 Itaque
1008 1471 1060 1532 hic
1079 1486 1111 1532 et

145 1549 303 1630 populum
322 1548 479 1610 urbanum
499 1551 532 1610 in
554 1570 611 1610 sua
634 1549 737 1610 tenuit
759 1561 936 1629 potestate,
967 1564 1001 1612 et
1025 1553 1110 1632 apud

146 1629 321 1688 exercitum
342 1629 516 1708 plurimum
536 1630 635 1690 valuit
656 1631 856 1692 auctoritate.
886 1631 1030 1691 Primum
1052 1632 1109 1690 im·
1131 1644 1150 1685 2

144 1719 277 1788 perator
297 1708 381 1787 apud
401 1705 521 1769 llumen
542 1708 712 1786 Strymona
732 1729 859 1789 magnas
880 1711 988 1789 copias
1010 1711 1111 1772 Thra-

145 1806 219 1846 cum
238 1785 381 1866 fugavit,
403 1788 557 1865 oppidum
572 1786 789 1866 Amphipolim
808 1788 990 1865 constituit,
1006 1809 1111 1872 eoque

147 1865 262 1923 decem
282 1864 378 1922 millia
400 1865 640 1924 Atheniensium
660 1865 692 1925 in
710 1863 868 1924 coloniam
889 1866 981 1924 misit.
1023 1869 1112 1926 ldein

147 1944 267 2002 iterum
294 1941 379 2020 apud
400 1941 542 2020 Mycalen
563 1941 753 2020 Cypriorum
776 1953 809 2002 et
833 1942 1030 2003 Phoenicum
1055 1945 1113 2005 du·

147 2031 313 2082 centarum
334 2019 460 2080 navium
477 2022 610 2081 classem
633 2019 789 2081 devictam
805 2021 906 2100 cepit:
932 2021 1110 2106 eodemque
1131 2019 1151 2081 3

146 2100 200 2160 die
245 2099 292 2158 ari
313 2099 443 2161 fortuna
463 2099 495 2160 in
515 2112 602 2160 terra
623 2120 697 2158 usus
722 2110 779 2158 est.
806 2102 950 2182 Namque
971 2100 1111 2162 hostium

146 2121 279 2238 naviiius
307 2179 423 2260 captis,
453 2180 558 2240 statim
583 2199 622 2238 ex
644 2179 745 2238 classe
767 2179 874 2260 copias
897 2201 968 2241 suas
990 2181 1111 2259 eduxit,

146 2258 358 2318 barbarorum
378 2279 441 2318 uno
471 2279 630 2322 concursu
653 2258 819 2318 maximam
842 2259 906 2320 vim
923 2262 1109 2340 prostravit.

148 2339 221 2423 Qua
250 2336 382 2398 victoria
409 2351 521 2419 magna
548 2339 669 2419 praeda
703 2338 824 2418 potitus
856 2361 954 2420 quum
980 2337 1151 2401 domumlt

147 2427 386 2492 reverteretur,
417 2419 505 2500 quod
536 2417 596 2477 iam
626 2417 795 2477 nonnullae
825 2418 946 2477 insulae
974 2429 1112 2498 propter

149 2494 357 2555 acerbitatem
381 2497 509 2576 imperii
529 2495 733 2572 defecerant,
760 2495 842 2556 bene
864 2499 1012 2556 animatas
1037 2516 1111 2557 eon-

146 2573 294 2646 firmavit,
316 2573 463 2634 alienatas
480 2576 519 2634 ad
535 2574 679 2636 officium
693 2575 800 2635 redire
816 2577 932 2656 coi’git.
965 2574 1109 2655 Scyrum,
1132 2577 1152 2638 5

148 2674 245 2736 quam
260 2671 299 2714 co
313 2665 460 2733 tempore
473 2654 618 2733 Dolopes
633 2654 829 2727 incolebant,
845 2654 932 2735 quod
948 2668 1111 2729 contuma-

148 2734 216 2792 cius
241 2751 275 2798 se
296 2745 478 2812 gesserant,
499 2733 694 2807 vacuefecit,
716 2751 857 2792 sessores
878 2744 1006 2792 veteres
1027 2732 1112 2792 urbe

146 2811 312 2892 insulaque
336 2811 447 2886 eiecit,
470 2832 563 2892 agros
586 2811 706 2874 civibus
728 2811 842 2873 divisit.
874 2811 1007 2871 Thasios
1032 2831 1050 2870 o
1077 2833 1112 2871 u-

147 2889 245 2950 lentia
274 2889 378 2949 l'retos
405 2911 463 2951 suo
493 2890 631 2950 adventu
658 2889 767 2970 fregit.
808 2891 865 2949 His
894 2911 932 2950 ex
957 2831 1111 2950 manubiis

149 2967 346 3030 Athenarum
361 2992 434 3046 arx,
455 2992 518 3054 qua
539 2970 578 3029 ad
592 2969 759 3030 meridiem
781 2969 901 3050 vergit,
922 2982 971 3030 est
993 2981 1111 3032 oruata.

229 3050 280 3108 ΙΙΙ.
305 3047 429 3146 Quibus
448 3049 548 3110 rebus
569 3071 666 3131 quum
679 3069 760 3107 unns
776 3049 808 3108 in
829 3049 956 3110 civitate
975 3050 1109 3108 maxime
1135 3074 1146 3109 ι

148 3125 299 3204 floreret,
321 3129 429 3189 incidit
442 3131 474 3189 in
488 3129 632 3188 eamdem
645 3128 803 3200 invidiam,
819 3149 913 3212 quam
929 3141 1021 3208 pater
1035 3148 1110 3186 suus

51 3211 54 3226 '
149 3207 317 3300 ceterique
326 3208 565 3275 Atheniensium
581 3207 752 3287 princip-es.
775 3210 855 3268 Nam
875 3219 1029 3267 testarum
1045 3205 1111 3266 su'f·

150 3285 271 3366 sragirs,
286 3287 374 3368 quod
386 3289 432 3348 illi
448 3287 667 3352 ostracismum
686 3298 814 3360 vocant,
829 3286 941 3346 decem
956 3305 1108 3346 annorum

151 3366 261 3426 exsilio
280 3367 428 3427 multatus
445 3379 501 3428 est.
524 3367 621 3426 Cuius
642 3363 720 3424 facti
736 3365 872 3426 celerius
889 3365 1108 3435 Athenienses,
1131 3380 1149 3421 s

152 3466 247 3526 quam
268 3444 386 3525 ipsum,
407 3447 573 3528 poenituit.
614 3448 692 3506 Nam
714 3466 812 3526 quum
833 3444 886 3504 ille
909 3443 1010 3503 aniano
1032 3441 1112 3504 forti
