2564 3872
180 416 235 482 ¹4⁰
462 403 563 468 XXV·
579 421 728 464 strumus·
750 408 852 473 s—s.
954 477 957 482 Ι

173 564 347 640 habereut3
371 581 500 642 semper
515 582 551 622 se
564 555 771 643 interposuit,
795 571 890 642 atque
904 558 963 634 ita,
979 570 1015 620 ut
1028 577 1138 643 neque

176 664 306 706 usuram
335 661 485 724 umquam
512 641 552 702 ab
581 642 619 702 iis
652 639 830 720 acceperit,
858 659 964 722 neque
991 638 1046 702 lon
1068 643 1118 700 ius

136 725 272 807 dquam
302 721 422 781 dictum
457 733 560 796 esset,
589 719 710 782 debere
739 717 770 796 3)
798 737 908 799 passus
939 718 989 780 sit.
1038 660 1139 810 {uod

176 814 346 884 utrumque
368 809 437 860 erat
459 799 496 858 iis
522 801 671 860 salutare.
710 800 790 858 Nam
812 817 917 890 neque
940 797 1138 880 indulgendo

176 882 413 942 inveterascere
441 897 552 939 eorum
581 898 635 940 aes
657 878 794 938 alienum
814 877 1010 956 patrebatur,
1029 897 1137 959 neque

136 957 420 1039 multiplicandis
448 957 553 1018 usuris
579 976 739 1018 crescere.
779 955 878 1017 Auxit
902 955 965 1016 hoc
993 955 1138 1018 officium

118 1069 122 1074 ·
177 1037 238 1098 alia
263 1056 396 1130 quoque
424 1034 624 1098 liberalitate.
665 1037 743 1095 Nam
774 1035 939 1096 universos
972 1033 1137 1096 frumento

176 1116 323 1192 donarit,
349 1127 392 1174 rta
407 1127 452 1175 at
479 1115 609 1197 siugulis
637 1127 762 1195 septem
787 1112 817 1192 4)
844 1113 942 1176 modii
964 1114 1060 1174 tritici
1082 1115 1138 1174 da-

176 1205 305 1332 retlrltur:
333 1193 390 1278 qui
408 1192 521 1255 modus
541 1213 708 1255 mensurae
730 1192 905 1254 medimnus
928 1192 1061 1254 Athenis
1083 1215 1139 1275 ap·

201 1293 219 1334 e
244 1285 325 1334 atur.

175 1294 198 1362 P
258 1353 309 1412 111.
334 1351 396 1412 Hic
422 1363 527 1412 sutem
547 1351 593 1412 sic
612 1372 647 1412 se
668 1351 819 1434 gerebat,
842 1361 879 1411 ut
899 1349 1071 1412 communis
1092 1349 1140 1410 in-
1182 1419 1184 1426 Ι

176 1427 275 1508 iimis,
305 1451 364 1512 par
390 1430 596 1512 principibus·
612 1431 786 1492 videretur.
826 1429 901 1511 Quo
930 1428 1139 1508 factumest,

176 1521 213 1570 ut
232 1510 308 1572 huie
332 1530 441 1570 omnes
464 1509 623 1586 honores,
654 1531 735 1594 quos
756 1521 904 1590 possent,
931 1507 1060 1590 publice
1082 1507 1138 1568 ha-

175 1585 308 1682 herent²
337 1587 505 1671 civemque
533 1588 643 1650 facere
670 1587 852 1666 studerent:
884 1608 948 1670 quo
978 1583 1137 1650 beneflcio

145 1715 147 1722 .
176 1666 231 1728 ille
261 1677 309 1728 utt
337 1667 450 1730 noluit.
490 1666 603 1754 [Quod
632 1667 774 1729 nonnulli
803 1667 845 1726 ita
875 1665 1138 1746 interpretantur,

134 1764 156 1808 s
178 1745 278 1808 amitti
296 1745 456 1808 civitatem
475 1745 649 1810 Romanam
670 1745 729 1806 alia
753 1745 894 1827 adscita]
925 1746 953 1820 ⁵)
977 1743 1138 1829 Quamdiu

177 1822 288 1902 affuit,
307 1845 348 1886 ue
368 1847 429 1908 qua
454 1825 514 1886 sibi
534 1835 636 1886 statua
656 1839 849 1904 poneretur,
869 1823 1003 1900 restitit3
1024 1822 1138 1884 absens

175 1904 350 2042 prohibere
370 1925 433 1964 non
452 1903 566 1986 potuit.
594 1905 705 1987 ltaque
726 1904 848 1986 aliquot
868 1903 928 1983 ipsi
950 1912 982 1962 ct
1002 1901 1136 1964 Phidiae

141 2023 145 2030 ·
190 1984 256 2044 ocis
293 1983 494 2076 sanctissimis
525 1994 722 2120 posuerunt:
756 1983 841 2042 hunc
869 1981 950 2043 enim
987 1981 1020 2040 in
1051 1980 1137 2042 omni

73 2137 77 2146 ¹
135 2141 156 2206 3
176 2073 403 2198 procuratione
416 2062 530 2200 respub
544 2106 551 2122 .
567 2075 709 2124 actorem
720 2073 953 2143 auctoremque
967 2058 1136 2120 habebant.

191 2151 277 2212 artur
296 2141 462 2220 primumi
486 2141 530 2201 ud
551 2162 664 2202 munus
685 2141 844 2214 fortunae,
888 2139 954 2200 uod
973 2139 1006 2198 in
1027 2157 1064 2198 ea
1077 2159 1137 2218 po·

174 2218 329 2278 tissimum
342 2219 425 2280 urhe
438 2231 529 2278 natus
543 2231 609 2295 est,
629 2219 661 2280 in
679 2241 741 2302 qua
756 2161 950 2281 domiciiium
966 2217 1053 2280 orbis
1068 2229 1138 2276 ter·

175 2315 284 2358 rarum
304 2309 389 2358 esset
405 2297 549 2376 imperii,
571 2309 608 2356 ut
626 2299 770 2359 eamdem
791 2311 824 2358 et
844 2297 979 2378 patriam
999 2295 1136 2356 haberet

175 2387 210 2436 ct
223 2375 353 2436 domum
367 2372 415 2454 ⁶);
435 2375 496 2466 hoc
512 2375 673 2454 specimen
687 2377 894 2469 prudentiae,
916 2375 1015 2458 quod,
1036 2395 1136 2456 quum

175 2452 208 2515 io
236 2473 306 2514 eam
333 2473 368 2514 se
396 2453 554 2514 civttatem
580 2457 784 2531 contulisset,
814 2473 897 2537 quae
928 2453 1134 2536 antiquitate,

175 2531 384 2609 humanitate,
405 2531 548 2594 doctrina
566 2546 747 2615 praestaret
763 2553 890 2606 omnes,
913 2553 994 2592 ursus
1015 2533 1045 2594 ei
1060 2541 1133 2590 ante

175 2610 255 2671 aiios
277 2609 378 2671 fucrit
397 2610 585 2672 carissimus.
931 2634 933 2638 ·

255 2689 310 2752 tv.
332 2691 406 2750 Huc
427 2709 466 2750 ex
479 2691 552 2750 Asia
572 2691 660 2752 Sulla
680 2691 840 2754 decedens
863 2712 961 2774 quum
982 2692 1135 2767 venisset,

176 2768 325 2852 quamdiu
345 2769 390 2832 ibi
409 2767 489 2849 fuit,
509 2789 617 2832 secum
638 2771 750 2832 hahuit
770 2769 1000 2852 Pomponium,
1022 2782 1134 2852 captus

178 2913 370 2935 *nn—-

226 2992 241 3041 3
272 2993 351 3058 vulgo
366 2993 546 3060 praemittitur
564 3011 612 3053 eos
630 3002 691 3055 ante
706 2994 817 3060 ¹verbum
832 2991 942 3056 debere‚·
961 2993 1013 3044 vid.
1026 2991 1130 3044 Dsehn.

222 3057 239 3122 4
272 3059 365 3109 Lamb.
384 3063 417 3110 al.
439 3078 497 3110 sex.
1055 3103 1057 3108 .

224 3127 239 3178 5
275 3124 342 3176 haec
358 3135 389 3176 ut
404 3133 527 3194 suspecta
543 3127 650 3178 inclusit
662 3128 756 3191 licus,
774 3145 854 3194 quem
872 3128 923 3177 vid.
943 3154 975 3164 -
992 3124 1020 3191 6)
1040 3140 1135 3175 omnes

175 3192 227 3244 eod
249 3229 255 3242 .
274 3191 382 3243 domttm
400 3193 514 3257 habent,
534 3195 652 3261 itemque
671 3211 778 3259 omnes,
797 3211 851 3243 uno
871 3193 988 3261 Gueiph.
1009 3199 1141 3257 excepto,

169 3269 235 3327 *post
251 3259 356 3310 domum
379 3260 481 3310 addunt
502 3261 610 3310 volut'tr
636 3262 730 3311 Lamb.
754 3260 904 3312 emendavit
923 3260 1062 3310 dominam
1081 3273 1132 3324 pro

173 3324 296 3388 domum,
315 3344 395 3394 quem
413 3326 500 3378 Brem.
519 3329 552 3376 al.
571 3329 656 3379 secuti
674 3337 743 3378 sunt.
781 3327 814 3376 At
831 3327 865 3378 de
884 3329 971 3379 verbis
990 3325 1056 3376 nihii
1072 3341 1133 3372 mu·

172 3392 301 3512 mimi
321 3392 389 3444 orde
415 3399 503 3445 sutem
527 3395 671 3446 verborum
688 3394 859 3460 perturbatus
880 3394 1072 3448 statumen.
1096 3391 1133 3444 cs.
1164 3423 1166 3429 ·

210 3495 217 3509 ι
258 3477 282 3512 01
304 3494 311 3508 ο
