2564 3872
394 396 496 466 ·XX.''
507 405 700 470 'rtnonuom'
717 387 744 468 ti
762 425 789 466 a.
814 409 842 474 3.
1001 429 1004 438 ·
1034 391 1102 488 '¹¹7

147 557 219 626 dein
247 565 427 625 fraternum
456 551 639 658 sanguinem
667 545 790 630 voluit,¹
819 539 919 642 Nam,
944 537 1019 626 duni
1050 541 1103 626 reb

4 681 6 740 y
53 676 56 682 ·
146 641 373 719 conficeretur,
387 645 501 724 procul
515 666 546 702 m
560 643 719 723 praesidio
734 643 814 722 fuit,
834 665 875 704 ne
891 644 960 726 quis
977 645 1103 706 satelles
1116 637 1132 670 '³'

146 732 256 802 posset
274 740 475 781 succurrere.
505 723 577 780 Hoc
592 723 875 799 praeclarissimum
896 723 963 783 eius
983 721 1104 782 facinus
1125 725 1145 782 5

135 816 209 860 'non
227 799 297 880 pari
318 799 415 858 modo
436 799 605 879 probatum
627 809 676 857 est
699 799 737 858 ab
760 801 913 860 omnibus.
954 797 1105 878 Nonnulli

147 877 230 938 enim
244 877 363 935 laesam
379 875 418 935 ab
434 897 473 938 eo
488 877 640 956 pietatem
657 877 828 956 putabant,
850 892 882 948 et
901 879 1018 938 invidia
1038 880 1104 938 lau-

129 957 221 1015 -dem
241 953 368 1015 virtutis
390 955 588 1015 obterebant.
612 957 715 1014 Mater
735 975 814 1016 vero
838 967 911 1036 post
929 957 962 1016 id
984 957 1105 1018 facturn

141 1049 256 1124 *neque
275 1031 404 1103 domum
426 1033 465 1093 ad
486 1053 520 1093 se
540 1031 639 1092 lilium
661 1033 801 1110 admisit,
828 1054 933 1114 neque
955 1035 1108 1115 adspexit,
1131 1089 1135 1096 .

149 1133 225 1194 qum
251 1131 324 1170 eum
344 1109 540 1171 fratricidam
565 1112 694 1192 impium
721 1133 761 1171 ue
789 1113 948 1173 detestans
970 1111 1109 1194 compel-
1125 1127 1135 1142 ·'

132 1191 241 1250 ··laret.
284 1189 409 1269 Quibus
438 1190 534 1250 rebus
574 1190 653 1249 adeo
684 1134 738 1250 ille
767 1203 825 1250 est
847 1203 1046 1268 commotus,
1074 1199 1110 1251 ut
1130 1187 1175 1248 θ’

149 1287 385 1348 nonnumquam
407 1269 491 1329 vitae
519 1271 616 1330 finem
639 1268 748 1329 facere
769 1269 926 1346 voluerit,
954 1282 1053 1352 atque
1069 1289 1109 1346 ex
1154 1293 1156 1301 ¹

148 1348 346 1426 ingratorum
364 1345 527 1408 bominum
548 1360 721 1428 conspectu
742 1361 846 1408 morte
867 1347 1038 1410 decedere.
1065 1343 1068 1350 ’
1124 1405 1128 1416 ,

229 1427 265 1482 ll.
290 1427 418 1484 lnterim
433 1427 538 1486 Dione
559 1426 720 1504 Syracusis
742 1426 927 1501 interfecto,
941 1426 1109 1504 Dionysius
1131 1433 1145 1481 'r

149 1523 261 1562 rursus
295 1501 523 1580 Syracusarum
556 1505 676 1585 potitus
712 1517 780 1568 est:
820 1504 912 1564 cuius
936 1504 1109 1563 adversarii

151 1601 247 1662 opem
261 1603 278 1639 a
294 1582 463 1641 Corinthiis
478 1584 656 1662 petierunt,
677 1583 874 1664 ducemque,
897 1583 1007 1675 quoin
1023 1582 1108 1643 bello

64 1730 66 1733 f
151 1671 336 1734 uterentur,
357 1661 569 1738 postularunt.
593 1663 667 1718 Huc
688 1661 855 1720 Timoleon
878 1681 995 1719 missus
1009 1661 1110 1722 iucre-

150 1737 238 1796 dibili
260 1735 411 1796 felicitate
432 1737 710 1814 Dionysium.tota
724 1737 834 1796 Sicilia
845 1737 977 1815 depulit.
1002 1739 1110 1825 Quum
1132 1753 1149 1790 a

151 1813 333 1874 interlicere
349 1827 474 1891 posset,
496 1815 613 1886 noluit,
634 1825 769 1894 tutoque
784 1826 822 1888 ut
836 1813 1021 1873 Corinthum
1034 1825 1111 1894 'pcr-
1130 1867 1133 1872 .

153 1892 297 1966 veniret,
319 1892 445 1954 ell'ecit:
471 1892 558 1972 quod
572 1903 786 1972 utrorumque
800 1889 1024 1967 Dionysiorum
1046 1894 1111 1970 opi-

153 1971 213 2028 bus
236 1968 393 2028 Corinthii
414 1989 510 2104 saeye
537 1969 636 2027 adiuti
658 1967 806 2042 fuerant,
832 1968 920 2027 cuius
941 1968 1113 2105 beniyni'ta-

154 2049 194 2107 tis
215 2046 400 2105 memoriam
428 2047 558 2107 vo'ebat
585 2057 729 2120 exstare3
760 2066 893 2128 eamque
917 2051 1113 2128 praecurem

155 2124 323 2186 victoriam
358 2124 513 2200 ducebat,
543 2125 575 2182 in
606 2145 668 2204 qua
694 2123 766 2205 plus
796 2137 884 2184 essct
910 2125 1113 2199 clementiae,

156 2222 251 2284 tyriam
272 2203 469 2282 crudelitatis
476 2225 485 2281 3
510 2214 692 2294 postremo,
713 2215 755 2262 ut*
768 2225 837 2263 non,
861 2204 962 2264 solunt
988 2203 1141 2264 auribus*

157 2282 376 2362 acciperetur,
394 2282 462 2340 sed
484 2294 576 2342 cuam
602 2282 703 2340 oculis
732 2295 936 2356 cerneretur,
965 2297 1062 2364 qnem-
1083 2294 1115 2342 et

157 2380 196 2418 ex
216 2371 333 2441 quanto
353 2381 454 2440 regno
469 2361 509 2420 ad
523 2381 619 2442 quam
636 2358 797 2420 fortunam
819 2360 1020 2420 detrusisset,
1037 2363 1116 2420 Post
1136 2359 1155 2418 3

155 2438 299 2516 Dionysii
328 2437 493 2514 decessum
515 2459 587 2498 cum
607 2438 724 2498 Hiceta
745 2439 892 2514 bellavit,
924 2440 980 2522 qui
1003 2438 1115 2498 adrer-

157 2527 242 2574 satus
270 2514 377 2574 l'uerat
405 2517 574 2594 Dionysio:
614 2537 710 2598 quem
738 2539 803 2578 non
830 2517 905 2578 edio
944 2515 1114 2594 tyrannidis

157 2592 341 2652 dissensisse
370 2592 427 2650 sed
456 2593 647 2670 cupiditate,
680 2594 796 2654 indicio
823 2594 903 2669 fuit,
949 2593 1015 2652 arod
1045 2583 1114 2672 ips'e

158 2671 292 2748 expulso
316 2668 486 2746 Dionysio,
515 2670 684 2749 imperium
708 2672 868 2730 dimittere
892 2617 1001 2731 noluit.
1043 2675 1154 2742 lloca

142 2775 145 2783 ·
158 2755 309 2826 superato
319 2791 329 2822 ,
341 2747 510 2806 Timoleon
527 2749 673 2808 maximas
689 2753 803 2830 copias
811 2747 1114 2828 Carthaginiensium
1126 2758 1145 2830 ζ

141 2861 147 2872 .,
158 2825 243 2916 apud
260 2825 443 2886 Crimissum
458 2823 578 2884 flumen
597 2825 738 2917 fugavit,
759 2849 795 2887 ac
818 2829 892 2886 satis
906 2827 1026 2887 habere
1041 2833 1128 2888 cod·

144 2915 220 2986 'gm
241 2903 267 2962 s'i
288 2903 402 2962 liceret
422 2903 564 2962 Africam
583 2904 745 2982 obtinere,
770 2906 825 2986 qui
847 2903 908 2964 iam
933 2905 1113 2986 complures

158 2995 255 3042 annos
278 2981 515 3062 'possessionem
543 2979 668 3044 Siciliae
694 2980 854 3042 tenebant.
896 2984 993 3076 Cepit.
1020 2986 1114 3058 etiam
1151 3043 1155 3052 Χ

52 3094 58 3101 -
143 3061 371 3136 Mamercum,
393 3059 535 3120 Italicum
556 3059 680 3136 ducem,
700 3061 861 3121 hominem
878 3061 1065 3122 bellicosum
1082 3075 1114 3122 et

158 3149 339 3217 potentem,
383 3138 415 3196 ui
436 3149 583 3216 tyrannos
603 3138 744 3198 adiutum
764 3141 796 3199 in
816 3139 953 3202 Siciliam
973 3153 1114 3200 venerat.

240 3219 291 3275 Ill.
314 3158 438 3304 Quibus
452 3215 548 3275 rebus
564 3216 716 3276 conlectis
731 3240 827 3300 quum
837 3229 979 3299 ⁴propter
993 3217 1115 3276 diutur-
1139 3241 1150 3274 t

158 3294 287 3354 nitatem
315 3293 392 3352 belli
417 3315 480 3354 non
507 3295 798 3375 'somn-regiones,
826 3297 996 3373 sedetiam
1017 3297 1115 3358 urbes

161 3374 303 3434 desertas
325 3372 468 3448 videret,
494 3373 698 3456 conquisivit,
727 3395 808 3458 quos
827 3375 950 3455 potuit,
978 3374 1115 3454 primum
