2524 3872
572 709 732 784 CONON,

458 895 462 902 ,
598 848 698 879 ,η-

520 944 778 1012 snounmrun,

153 1078 157 1082 ’
240 1083 305 1152 Gap.
321 1085 343 1134 1.
369 1083 569 1150 Peloponnesio
584 1081 657 1134 bello
672 1077 768 1129 Conon
784 1079 854 1130 bene
867 1087 986 1132 meretur
996 1081 1031 1134 de
1050 1096 1137 1152 repu-

172 1152 253 1204 blica.
276 1179 310 1190 -
332 1151 367 1202 ΙΙ.
391 1150 597 1211 Atheniensibus
612 1147 723 1197 devictis
741 1163 803 1198 eum
821 1148 848 1196 in
862 1147 952 1197 Asiam
971 1151 1133 1217 transiisset,

174 1221 315 1279 Persarum
332 1233 423 1283 regem
438 1219 569 1283 simulque
582 1216 696 1282 patriam
712 1229 786 1262 sunm
797 1223 893 1264 eontra
903 1215 1136 1270 Laoedaemonios

172 1277 287 1348 muitum
303 1286 411 1344 adiuvit.
435 1311 467 1322 —
487 1285 536 1332 111.
556 1281 763 1349 Tissaphernem
782 1282 944 1349 proditionis
960 1295 1136 1338 accusaturus

155 1391 158 1412 ·.
173 1353 207 1413 ed
219 1369 310 1420 regem
319 1355 460 1403 Persarum
473 1351 661 1418 proficiscitur.
673 1374 707 1386 -
724 1348 771 1409 LV.
791 1350 868 1414 Regis
883 1350 969 1416 copiis
981 1353 1137 1418 praefectus

154 1413 270 1482 ¹Conon
287 1419 516 1484 Lacedaemonios
535 1417 607 1490 apud
626 1413 741 1476 Cnidum
760 1415 876 1467 devincit
894 1413 988 1484 (394a,
1002 1419 1064 1469 Chr.
1078 1419 1136 1488 n;);

172 1488 331 1555 ispaniam
350 1502 471 1546 reversus
489 1485 656 1535 Athenarum
680 1497 772 1542 muros
791 1482 952 1534 reficiendos
978 1495 1053 1536 curat
1073 1486 1136 1552 (393

172 1572 196 1616 a,
215 1555 279 1603 Chr.
298 1553 346 1620 m).
365 1579 399 1591 -
421 1555 454 1603 V.
476 1553 543 1613 Cum
562 1552 665 1618 patriae
685 1565 751 1614 opes
770 1552 882 1613 nimium
902 1567 1000 1618 sugere
1020 1558 1135 1615 bonm-

172 1629 231 1690 ως,
251 1638 266 1684 a
285 1621 411 1684 Tiribazo
430 1629 554 1684 evocatus
568 1634 624 1668 non
641 1615 731 1678 rediit.

219 1765 241 1824 Ι.
265 1767 384 1828 Corsos
400 1765 441 1843 2),
455 1761 664 1836 Atheniensis,
677 1761 914 1856 Peloponnesio
928 1763 1014 1826 bello
1030 1785 1136 1828 asces-

148 1851 151 1860 '
172 1845 213 1912 sit
234 1843 273 1905 ad
293 1845 539 1926 rempublicam,
558 1845 590 1903 in
611 1861 716 1923 eoque
738 1862 805 1901 erus
820 1863 839 1902 o
865 1863 921 1902 era
937 1845 1042 1926 magni
1061 1845 1135 1906 fuit.
1202 1897 1207 1902 .

171 1925 249 1984 Nam
271 1937 304 1986 et
324 1935 457 2006 praetor
480 1921 684 2004 pedestribus
708 1863 900 1982 exercitibus
919 1923 1077 2002 praeibit,
1101 1937 1135 1986 et

171 2003 353 2089 praefectus
367 2003 472 2073 elassis
483 2023 536 2072 res
548 2021 674 2082 magnas
687 1999 765 2058 mari
777 2000 884 2080 gessit.
907 2003 995 2092 Quas
1007 2003 1050 2064 ob
1062 2024 1134 2064 eau-

172 2101 220 2139 sas
239 2082 431 2162 praeeipuus
452 2081 482 2140 ei
501 2081 603 2141 honos
623 2077 750 2140 habitus
771 2091 830 2144 est,
870 2082 1016 2162 Namque
1036 2083 1135 2150 omni-

169 2159 229 2228 bus
254 2180 336 2232 unus
358 2157 467 2228 insulis
496 2156 653 2248 praefuit:
684 2157 717 2216 in
742 2178 804 2246 qua
826 2169 988 2297 lpotestate
1012 2161 1134 2222 Pheras

132 2254 150 2308 e
173 2237 275 2318 oepit,
296 2235 452 2297 coloniam
465 2235 801 2298 Lacedaemoniorum.
855 2237 903 2296 uit
918 2239 1014 2299 etiam
1030 2251 1135 2300 extre·

90 2383 91 2386 ¹
172 2337 224 2388 mo
245 2314 482 2395 Peloponnesio
506 2315 593 2376 bello
617 2327 764 2394 praetor,
793 2337 896 2398 quum
920 2317 1005 2398 apud
1025 2319 1133 2400 Aegos

170 2392 290 2457 {lumen
304 2395 416 2530 copiae
429 2393 669 2466 Atheniensium
684 2413 701 2456 a
713 2393 875 2470 Lysandro
891 2409 964 2456 sunt
979 2395 1133 2458 devictae.

171 2473 236 2546 Sed
250 2484 349 2532 tuma
372 2471 444 2548 suit,
459 2493 563 2556 eoque
578 2473 669 2554 peius
682 2492 734 2530 res
747 2471 961 2534 administrata
973 2487 1032 2535 est.
1056 2478 1134 2536 Nam
1239 2512 1243 2518 ·
1260 2487 1261 2500 ²

131 2553 149 2626 3
173 2562 205 2612 et
219 2550 359 2632 prudens
375 2550 423 2624 rei
437 2552 589 2625 militaris,
603 2563 636 2610 et
649 2549 782 2631 diligens
794 2564 864 2612 enat
877 2551 1004 2633 imperii
1012 2552 1054 2632 3).
1074 2557 1134 2614 Ita-

195 2651 236 2689 ue
257 2630 381 2700 nemine
402 2643 470 2702 erat
483 2630 531 2692 his
550 2628 748 2710 temporibus
764 2629 912 2704 dubium,
932 2632 959 2690 si
974 2631 1133 2708 affuisset,

170 2653 255 2782 iiiam
268 2707 476 2782 Athenienses
499 2709 710 2780 calamitatem
731 2721 921 2789 accepturus
941 2731 1005 2772 uon
1025 2711 1133 2772 fuisse.

251 2789 288 2860 11,
308 2785 419 2858 Rebus
435 2799 540 2861 autem
555 2784 697 2861 aiilictis,
719 2809 819 2884 quum
837 2789 972 2868 patriam
993 2789 1133 2862 obsideri

171 2863 325 2940 audisset,
353 2889 416 2927 non
446 2865 619 2950 quaesivit,
650 2867 735 2926 ubi1
758 2887 791 2926 se
814 2878 886 2937 tuto
910 2867 1051 2946 viveret,
1077 2867 1133 2928 sed

170 2942 255 3007 unde
275 2945 433 3026 praesidio
458 2955 569 3024 posset
591 2963 661 3004 esse
683 2945 744 3004 civr
769 2965 806 3004 us
828 2945 902 3004 suis.
925 2946 1035 3029 ltaque
1060 2967 1133 3008 eon·

170 3023 244 3098 tulit
264 3045 298 3099 se
320 3025 360 3100 ad
380 3022 638 3115 Pheresbagum,
659 3035 806 3123 satrapen
826 3024 932 3100 leniae
953 3039 986 3101 et
999 3023 1132 3107 Lydiae,

222 3259 250 3327 n)
271 3261 372 3322 Giinth,
386 3259 471 3322 edidit
484 3259 575 3323 Cone,
590 3259 654 3321 Dio,
667 3268 731 3326 cet.;
748 3261 795 3314 sed
807 3262 842 3314 ci.
855 3261 897 3313 ed.
909 3260 986 3313 Heid.
999 3290 1033 3316 ι,-
1052 3258 1079 3328 3)
1097 3261 1133 3310 its

63 3375 65 3378 -
171 3323 252 3379 codd'·
273 3328 393 3394 Guetph.
417 3329 495 3384 voss.
518 3328 550 3377 A·
568 3327 598 3390 Β,
614 3327 691 3391 Leid·
714 3327 742 3381 B·
763 3328 803 3394 sd.
823 3330 935 3396 meent·
959 3358 994 3372 -
1017 3330 1079 3393 ‚Bes-
1098 3330 1131 3378 ²1·

171 3397 342 3477 imperetur
362 3393 410 3457 ssd.
429 3411 453 3454 r·
473 3395 543 3458 §ten
