2564 3872
171 391 227 458 ssa
466 380 776 442 menecrates.
799 379 828 460 3:
896 343 898 348 Ι

167 549 325 617 senserat3
348 539 481 620 eiusque
502 537 633 599 consilio
647 535 882 600 Demosthenes
897 556 970 600 oum
990 543 1125 620 ceteris,

168 619 224 712 qui
244 619 326 678 bene
351 617 391 677 de
414 616 579 697 republica
599 616 706 678 meriti
727 615 1002 694 existimabantur,
1020 641 1125 700 popu·

167 698 272 758 lsscito
294 697 326 756 in
347 695 491 755 exsilium
515 705 604 754 erant
624 714 663 754 ex
687 694 757 764 ulsi.
782 696 894 777 Neque
913 697 998 756 ineo
1019 699 1125 758 selum

168 775 366 848 offenderat,
380 773 467 855 quod
480 772 601 853 patriae
616 715 698 832 male
712 773 933 850 consuluerat,
947 777 1125 853 sedetiam,

92 893 95 902 =
127 857 146 917 3
169 853 256 934 quod
270 852 423 912 amicitiae
437 850 532 911 {idem
547 872 610 912 non
623 850 835 930 praestiterat.
854 854 997 934 Namque
1013 867 1126 915 auctus

166 931 358 1012 adiutusque
372 928 615 992 aDemosthene
629 949 713 1006 eum,
728 949 824 1010 quem
836 930 982 1007 tenebat,
995 933 1126 992 adscen-

167 1008 258 1068 derat
278 1009 427 1090 gradum,
448 1028 546 1101 quum
568 1005 719 1068 adversus
734 1005 904 1068 Charetem
925 1029 998 1068 cum
1011 1011 1126 1072 subor-

166 1098 268 1148 naret:
283 1085 322 1146 ab
336 1086 452 1148 eodem
464 1108 495 1146 m
506 1084 641 1158 iudiciis,
697 1105 752 1144 um
766 1085 876 1166 capitis
894 1106 1019 1148 causam
1038 1087 1126 1150 dice·

168 1178 236 1240 ret,
255 1165 407 1225 defensus
432 1163 620 1245 aliquoties,
641 1163 664 1222 li
687 1175 793 1222 eratus
810 1163 1007 1226 discesserat.
1029 1169 1127 1229 Hunc

126 1252 146 1318 l,
167 1243 344 1304 noneolum
358 1243 388 1300 in
401 1243 552 1321 periculis
566 1263 629 1302 non
640 1241 785 1301 defendit
798 1242 856 1302 sed
870 1244 963 1304 etiam
997 1245 1126 1307 redidit.

167 1321 314 1381 Concidit
334 1331 440 1379 autem
455 1320 589 1379 maxime
602 1340 667 1379 uno
684 1319 830 1396 crimine,
851 1321 940 1402 quod
964 1265 1002 1401 ’ἱ
1025 1345 1127 1406 quum

168 1400 253 1480 apud
265 1419 336 1458 cum
351 1417 506 1456 summum
521 1409 606 1456 esset
618 1397 786 1490 imperium
794 1400 920 1491 populi,
933 1412 976 1476 et,
990 1402 1127 1463 Nicano-

167 1500 248 1553 rem,
261 1475 427 1535 Cassandri
440 1475 651 1611 pracl'ectum,
663 1477 804 1536 residiarr
814 1479 1127 1541 PrraceeAthenien·

167 1558 267 1627 sium,
288 1575 305 1612 a
321 1554 439 1632 Dercyl
454 1573 473 1614 o
488 1564 690 1630 moneretur,
710 1554 859 1637 idemque
874 1558 1069 1636 postularet,
1090 1572 1128 1619 ut

165 1633 368 1715 provideret,
383 1651 432 1698 ne
452 1629 678 1692 commeatibus
693 1631 802 1692 civitas
819 1633 1019 1713 privaretur,
1039 1637 1127 1714 huic,

168 1712 315 1774 audiente
328 1709 467 1792 populo,
481 1709 625 1770 Phocion
639 1711 768 1792 negavit
783 1715 1063 1792 esse'periculum,
1076 1735 1127 1775 se·
1220 1767 1222 1774 .

133 1794 152 1852 5
174 1811 237 1874 que
261 1789 327 1849 eius
351 1789 398 1848 rei
421 1789 564 1848 obsidem
584 1786 657 1849 sore
678 1787 838 1870 polliticus
863 1802 919 1850 cst.
949 1795 1061 1874 Neque
1084 1795 1128 1854 ita

168 1871 268 1930 multo
289 1880 362 1949 pest
383 1868 518 1928 Nicanor
546 1866 682 1928 Piraeeo
710 1878 759 1926 est
781 1868 913 1948 potitus.
952 1871 1004 1931 Ad
1031 1893 1128 1965 quem

164 1946 425 2029 ‘recuperandum
450 1968 548 2039 quum
572 1947 710 2027 populus
735 1957 871 2006 armatus
904 1963 1130 2026 concurrisset,
1234 1965 1239 1976 ·

167 2029 223 2087 ille
243 2048 307 2088 non
320 2024 416 2085 medo
438 2045 596 2085 nemmem
616 2023 656 2086 ad
675 2029 760 2084 arma
780 2025 926 2102 vocavit,
946 2028 1003 2087 scd
1022 2049 1062 2087 ne
1079 2051 1129 2088 ars

168 2106 258 2164 matis
287 2104 417 2184 quidem
444 2123 594 2182 pracesse
626 2102 738 2164 voluit.
781 2101 870 2182 [Sine
895 2125 959 2187 quo
983 2105 1127 2168 Athenae

169 2183 296 2244 omnino
319 2200 471 2240 essenon
492 2181 650 2260 possunt]
674 2180 704 2258 2)
1119 2190 1121 2194 ‘

247 2261 299 2317 Ill.
327 2260 426 2316 Erant
455 2277 494 2316 eo
518 2269 663 2336 tempore
685 2257 818 2318 Athenis
845 2259 926 2321 duae
955 2261 1129 2340 factiones,

170 2333 305 2421 quarum
320 2357 381 2392 una
397 2335 509 2413 populi
525 2353 649 2394 causam
664 2337 794 2416 agebat,
813 2338 913 2399 altera
930 2341 1128 2420 optimatum.

168 2422 204 2478 ln
217 2417 276 2477 bac
292 2425 360 2472 erat
380 2411 524 2471 Phocion
545 2424 579 2472 et
598 2415 784 2474 Demetrius
799 2416 985 2478 Phalereus.
1006 2422 1129 2480 Harum

169 2509 241 2558 utra
265 2512 307 2552 ue
335 2489 545 2551 Macedonum
572 2493 756 2572 patrociniis
783 2494 952 2556 nitebatur.
980 2494 1010 2576 3)
1048 2493 1128 2558 Nam

125 2593 127 2597 ·
170 2517 341 2654 popidares
372 2569 468 2648 Polys
494 2569 639 2630 archonti
660 2571 828 2647 favebant3
858 2575 1025 2654 optimates
1052 2595 1126 2636 cum

132 2672 150 2712 e
172 2649 346 2712 Cassandro
369 2590 555 2709 sentiebant.
582 2649 712 2710 Interim
729 2670 746 2708 a
766 2651 1037 2732 Polysperchonte
1054 2655 1130 2714 Cas-

156 2731 286 2792 ·'sander
312 2727 496 2790 Macedonia
531 2727 641 2819 pulsus
670 2741 726 2790 est.
767 2727 843 2815 Quo
874 2730 967 2802 facto,
1012 2733 1128 2812 opulus

172 2809 321 2888 superior
347 2805 449 2866 factus
477 2817 582 2864 statlm
611 2806 711 2866 duces
745 2805 947 2870 adversariae
994 2811 1130 2871 actionis

132 2891 134 2896 '
172 2887 282 2966 capitis
303 2883 465 2945 damnatos
485 2885 587 2963 patria
601 2885 727 2966 pepulit
734 2908 744 2964 3
764 2885 796 2944 in
814 2886 862 2948 his
878 2888 1076 2950 Phocionem
1097 2899 1130 2948 ct

115 3005 120 3019 .
173 2963 374 3024 Demetrium
393 2961 602 3027 Phalersum:
625 2963 732 3044 deque
754 2985 793 3027 ca
810 2986 847 3028 re
866 2966 988 3049 legatos
1008 2968 1048 3028 ad
1068 2969 1130 3028 Po-

132 3099 328 3116 tuam-

225 3167 250 3233 1)
277 3162 356 3234 quod
370 3163 445 3216 deest
466 3167 493 3215 in
512 3167 636 3218 omnibus
656 3166 737 3220 codd.
757 3178 872 3238 excepto
889 3171 966 3223 Leid.
985 3173 1026 3235 A,
1048 3172 1128 3221 Heus.

175 3243 201 3283 et
220 3234 323 3284 Daehn.
340 3233 515 3284 incluserunt.
536 3262 570 3274 —
597 3233 625 3301 a)
648 3245 723 3286 caret
741 3236 781 3286 his
802 3237 890 3289 verbis
908 3239 970 3290 cod.
988 3241 1066 3290 Voss.
1085 3239 1130 3297 e..

173 3297 360 3353 transferenda
377 3307 438 3349 sunt
454 3309 515 3369 post
532 3301 615 3352 verba
632 3313 672 3351 est
688 3305 802 3369 potstas.

225 3367 254 3435 3)
273 3368 321 3418 Ax.
341 3366 457 3434 Guelph.
476 3365 553 3424 Leid.
569 3368 647 3421 Voss.
662 3369 695 3420 A.
711 3369 739 3420 B.
759 3369 820 3422 edd.
831 3370 886 3423 Ult.
905 3372 1019 3437 Longol.
1037 3367 1130 3422 umba-

174 3448 229 3486 tnr.
248 3437 283 3489 cl.
301 3432 403 3486 Dechn.
606 3436 610 3440 ’
