2524 3872
140 413 175 454 to
421 372 580 453 CORNEIN!
604 411 742 456 NEPOTI!
763 413 852 460 vm.

135 552 286 630 lissimus,
307 571 379 613 eum
398 550 438 616 V.
459 550 507 614 CI.
529 548 701 614 Laurentio
715 555 886 639 pignorio,
907 560 1003 638 atque
1022 553 1130 616 isme-

134 669 215 710 cum
233 649 499 729 communicavit)
525 649 686 732 intelligo,
701 638 822 714 ‘natum
848 651 949 712 fuisse
971 651 1130 729 Nepotem

132 745 165 806 in
178 745 329 819 Hostilia,
350 743 405 826 qui
418 743 651 806 Veronensinm
671 749 758 810 vicus
781 747 849 826 est,
873 747 1003 823 Tacito,
1015 745 1130 821 Plinio,

134 839 344 914 cassiodoro,
357 851 390 900 et
401 839 560 901 Antonino
573 840 604 900 in
618 843 783 904 Itinerario
796 855 1007 919 memoratus,
1019 840 1131 901 hodie·

132 957 196 1020 que
212 935 444 998 ecclesiasticae
459 935 693 999 Veronensium
706 938 915 1000 iurisdictioni
929 938 1084 1000 subditus.
1102 937 1136 1016 1)’

133 1031 312 1094 Historicns
332 1027 384 1088 hic
406 1027 568 1090 Ciceronis
590 1033 705 1094 amicus
724 1033 886 1094 familiaris
907 1056 925 1094 a
947 1035 1051 1098 Gellio
1074 1053 1131 1097 to·

133 1137 224 1188 catur
250 1125 306 1186 lib.
326 1127 397 1202 XV,
418 1144 486 1207 cap.
510 1125 559 1186 28.
589 1127 734 1188 Chronica
758 1131 938 1214 scripsisse,
965 1132 1054 1193 testis
1082 1141 1132 1192 est

131 1221 218 1282 idem
241 1220 379 1296 Gellius,
406 1218 460 1279 lib.
480 1221 586 1298 XVII,
616 1243 685 1305 cap.
710 1245 758 1285 nr.
797 1227 833 1286 In
852 1226 900 1287 his
924 1249 986 1310 pro
1013 1226 1131 1310 triplici

132 1327 291 1398 tempore,
312 1310 439 1392 ἀδήλῳ,
462 1315 588 1394 studens}
613 1324 667 1380 καὶ
691 1323 835 1402 ἱστορικῷ
856 1325 913 1407 (de
934 1323 1067 1405 quibus,
1091 1341 1132 1383 ex
1234 1394 1239 1398 ι

132 1412 280 1476 Varrone
302 1423 335 1473 et
357 1410 440 1488 aliis,
463 1410 546 1474 libro
568 1413 609 1475 de
625 1413 705 1476 Arte
724 1415 876 1481 historica
897 1418 1047 1497 diximus)
1063 1429 1131 1480 tres

132 1509 261 1572 videtur
285 1508 448 1590 scripsisse
478 1508 596 1584 libros,
628 1527 665 1569 ac
693 1510 823 1592 singulis
853 1509 946 1574 unius
975 1515 1131 1597 'temporis

132 1605 346 1694 narrationem
370 1624 440 1664 esse
461 1603 656 1684 complexus.
697 1603 778 1666 Sane
801 1619 867 1668 tres
887 1608 986 1674 libros
1013 1611 1131 1675 fecisse

132 1706 305 1784 Nepotem,
332 1700 446 1786 quibus
468 1719 562 1762 omne
585 1719 699 1763 aevum
721 1703 1019 1786 comprehenderit,
1039 1709 1132 1792 liqui·

133 1801 175 1862 do
207 1811 344 1862 testatur
374 1799 519 1860 Catullus
553 1797 641 1860 initio
674 1799 1028 1881 Hendecasyllaborum.
1062 1805 1132 1864 Nec

132 1897 318 1960 historicum
335 1907 462 1978 tempus
478 1895 516 1956 ab
540 1915 580 1958 eo
598 1895 699 1956 solum
722 1915 791 1958 esse
809 1908 994 1974 tractatum,
1013 1896 1131 1960 indicio

132 2004 182 2054 est
201 1992 279 2053 illud
293 1994 441 2056 Ausonii:
463 1993 652 2076 „Apologos
669 1983 805 2072 Titiani,
827 2004 861 2054 et
880 1992 1015 2075 Nepotis
1030 1990 1132 2054 Chro-

70 2141 73 2144 .
131 2089 218 2165 nica,
249 2089 338 2172 qnasi
367 2091 448 2152 alios
480 2090 636 2171 apologos
664 2089 750 2169 (nam
778 2101 812 2150 et
838 2089 906 2171 ipsa
932 2088 1030 2148 instar
1059 2095 1134 2150 sunt

132 2183 344 2264 fabularum),
375 2185 414 2246 ad
434 2185 632 2246 nobilitatem
655 2195 743 2244 tuam
768 2183 868 2244 misi.“
906 2187 986 2247 Item
1012 2205 1052 2246 ex
1073 2203 1132 2259 eo,

133 2283 221 2367 quod
240 2270 451 2343 Tertullianus
473 2280 505 2341 in
519 2278 734 2361 Apologetieo
755 2280 906 2344 adversus
928 2276 1131 2362 gentess(ubi

133 2399 207 2441 eum
230 2379 313 2441 inter
336 2378 556 2463 antiquitatum
581 2387 845 2440 commentatores
872 2376 1015 2439 disertim
1035 2395 1132 2459 repo·

132 2477 194 2556 nit)
209 2475 304 2552 dicit,
323 2473 409 2536 haud
429 2473 514 2536 aliud
529 2471 716 2550 Saturnum,
740 2497 835 2559 quam
854 2473 1032 2550 hominem,
1055 2491 1132 2553 pro·
1235 2485 1237 2490 '

129 2574 299 2654 mulgasse.
336 2569 434 2664 Quod
455 2568 549 2630 etiam
566 2571 747 2632 Lactantius
766 2567 864 2632 tradit
886 2570 941 2630 lib.
956 2570 986 2648 1,
1006 2589 1073 2649 cap.
1087 2567 1130 2629 ιδ.

129 2670 276 2753 'Reliquit
302 2679 470 2753 praeterea
498 2665 588 2738 libros
624 2669 779 2730 illustrium
812 2672 962 2733 virorum,
994 2681 1132 2744 quorum

133 2765 255 2826 'Gelliu's
275 2762 417 2828 meminit
439 2760 494 2822 lib.
516 2763 575 2839 XI,
597 2782 664 2846 cap.
685 2767 721 2842 8,
746 2772 779 2822 et
798 2757 928 2820 Servius
948 2757 980 2817 in
1010 2759 1023 2817 1
1050 2758 1131 2817 Aen.

132 2863 255 2924 Eorum
278 2863 332 2924 lib.
354 2863 399 2938 II,
421 2860 482 2924 XV
495 2872 528 2921 et
543 2861 634 2938 XVI,
654 2860 729 2922 citat
750 2855 910 2920 Charisius
932 2851 972 2933 ²).
1012 2855 1059 2912 Ex
1083 2851 1131 2912 his

132 2957 284 3020 habemus
307 2957 417 3042 viginti
435 2956 515 3020 duos
540 2967 721 3018 exterarum
742 2954 884 3038 gentium
909 2950 1131 3036 imperatores.

141 3113 325 3129 βψ-

118 3256 122 3263 ,
169 3199 364 3266 1)Rezzonius
388 3201 414 3248 in
438 3197 669 3265 dIsquisitionibus
695 3197 837 3262 Plinianis,
863 3205 890 3248 et
914 3193 1071 3247 I-Helds'us
1101 3195 1131 3244 in

132 3285 334 3350 Prolegomenis
353 3281 388 3333 ad
404 3283 485 3333 vitam
497 3282 595 3348 Anici,
615 3285 731 3333 Parmae
749 3287 840 3332 natum
860 3279 1017 3334 Cornelium
1034 3281 1128 3348 Nepo-

132 3359 186 3419 tem
205 3366 307 3420 dieunt.
1189 3359 1191 3367 '

165 3475 192 3545 a)
214 3493 272 3547 pap.
294 3477 358 3544 195,
379 3472 444 3542 114,
466 3475 513 3526 ns
533 3471 575 3522 ed·
594 3468 700 3522 Putsch.
