2524 3872
396 477 450 544 tv.
471 497 660 542 nussum.
680 485 709 552 4.
728 479 758 544 5.
1016 477 1057 560 37

92 635 158 696 Has
185 633 241 696 ille
272 633 380 697 literas
408 625 538 717 ephoris
561 628 702 714 tradidit.
719 641 724 648 '
742 637 813 702 Non
844 645 893 698 cst
915 639 1096 719 praeter-8

92 714 197 775 sunda
229 715 367 796 gravitas
398 717 725 789 Lacedaemoniorum
758 716 822 779 hoc
855 717 938 790 loco.
977 717 1058 778 Nam

91 813 132 854 ne
153 792 252 853 huius
268 795 397 876 quidem
416 795 534 856 indicio
556 797 684 876 impulsi
704 809 794 871 sunt,
814 804 850 857 ut
870 795 1057 857 Pausaniam

92 872 420 954 comprehenderent3
441 895 547 959 neque
592 875 658 934 rius
679 875 742 936 vim
764 875 973 936 adhibendam
997 895 1057 968 pu·

90 963 258 1028 taverunt,
280 973 375 1042 quam
390 973 424 1013 se
439 953 552 1034 ipsein
575 965 697 1015 icasset.
725 955 837 1041 ltaque
856 953 930 1014 liuic
943 953 1056 1028 indici,
1076 964 1097 1030 4

90 1030 170 1112 quid
188 1029 258 1107 lieri
276 1033 412 1108 vellent,
456 1045 678 1122 caeceperunt,
707 1034 827 1094 Fanum
845 1033 986 1114 Neptuni
1008 1045 1058 1095 est

90 1110 244 1187 Taenari,
288 1110 354 1170 uod
380 1053 491 1173 violiui
517 1111 605 1173 nefas
650 1125 738 1172 utant
760 1111 975 1173 Graeci.1Eo
1001 1111 1056 1174 ille

90 1189 188 1250 index
208 1132 371 1272 conlegit;
397 1191 429 1250 in
451 1212 505 1252 ara
526 1133 681 1253 consedit.
723 1195 812 1253 Hanc
841 1191 930 1256 iuxta
948 1188 1057 1251 locum

90 1267 242 1329 fecerunt
262 1269 321 1346 sub
350 1281 457 1350 tepea,
485 1291 535 1345 en
571 1293 613 1348 uo
644 1283 756 1355 posset
784 1270 904 1346 audiri,
934 1269 960 1329 si
986 1271 1057 1352 quis

23 1398 25 1406 ,
113 1347 169 1407 uid
192 1348 385 1430 loqueretur
406 1369 478 1410 cum
500 1294 569 1431 And
1035 1349 1042 1363 '

90 1369 164 1488 dam
189 1427 432 1488 descenderunt.
472 1429 659 1506 Pausaniae,
681 1442 718 1490 ut
740 1429 876 1504 audivit,
895 1427 1056 1507 Argilium
1078 1428 1098 1491 ὅ

2 1533 3 1540 ¹
91 1505 278 1587 confugisse
307 1508 338 1568 in
368 1528 471 1583 aram,
497 1509 706 1592 perturbatus
739 1508 824 1570 venit
859 1527 909 1567 so.
951 1506 1059 1594 Quem

90 1607 192 1678 ‹puum
213 1588 390 1667 supplicem
405 1588 468 1668 Dei
488 1583 614 1650 uideret
632 1589 664 1647 in
678 1610 733 1669 ara
754 1587 938 1662 sedentem,
961 1605 1058 1724 ‹ppas-

88 1677 149 1740 rit,
171 1685 284 1726 causae
305 1667 381 1748 quid
402 1667 443 1727 sit
462 1677 526 1727 tam
552 1668 719 1748 repemina
740 1666 872 1740 consilio
894 1665 932 1804 ¹3.

570 1351 635 1410 ilio.
677 1353 750 1412 Huc
773 1371 814 1410 ex
835 1347 964 1430 ephoris
989 1371 1057 1430 qus·

1006 1684 1057 1724 uic

89 1744 164 1820 illc,
185 1743 263 1826 quid
283 1765 322 1820 ex
336 1745 438 1806 literis
454 1748 686 1826 comperisset,
700 1745 812 1842 aperit,
842 1745 895 1806 Mo
921 1743 1056 1824 omagis
1079 1738 1099 1800 6

74 1823 262 1897 ,Pausanias
289 1823 498 1902 perturbatus
527 1843 621 1904 orare
644 1835 768 1903 coepit,
798 1842 839 1882 ne
863 1821 1059 1892 enuntiaret,

87 1921 152 1962 nec
174 1921 226 1974 se,
247 1902 396 1972 mei-itum
417 1901 457 1978 de
477 1901 533 1974 illo
557 1901 695 1980 optime,
715 1900 881 1980 proderet.
914 1898 1013 1984 Quod
1034 1897 1061 1958 si

74 1993 164 2040 'eam
178 1977 303 2052 veniam
319 1975 551 2056 silsi'dsdisset‚
573 1979 667 2038 tantis
693 1999 734 2059 up
751 1977 947 2062 implicatum
961 1975 1060 2037 rebus

89 2055 307 2133 sublevasset,
328 2078 443 2138 magno
467 2058 496 2118 ei
514 2057 660 2149 puaemio
698 2067 840 2136 uturum,

173 2136 212 2210 V,
237 2137 294 2196 His
317 2135 416 2214 rebus
438 2136 552 2217 ephori
574 2137 708 2219 cognitis
729 2135 831 2200 satius
847 2147 1058 2217 putaverunt,
1082 2153 1094 2214 ι

90 2217 124 2277 ἰη
145 2215 227 2276 urbe
252 2237 324 2293 eum
356 2217 597 2299 comprehendi.
634 2217 709 2305 Quo
732 2237 831 2298 quum
851 2227 959 2282 assent
984 2236 1061 2296 pro·

91 2295 185 2370 fecti,
208 2307 240 2364 et
259 2296 446 2374 Pausanias,
470 2296 596 2378 placato
618 2297 755 2378 Apgilip,
774 2306 812 2372 ut
831 2295 981 2376 putabat,
1001 2296 1060 2354 La·

93 2374 322 2450 eudaemonem
343 2385 581 2453 reverteretum
607 2375 639 2436 in
666 2377 801 2450 itinere,
827 2394 926 2456 quum
946 2373 1006 2434 iam
1028 2373 1060 2433 in

93 2474 135 2516 eo
160 2465 262 2529 esset,
290 2468 327 2515 ut
348 2475 418 2533 com
444 2455 697 2534 comederetur,
723 2475 763 2516 ex
784 2455 876 2516 vultu
898 2451 1060 2512 cuiusdam

93 2532 227 2613 ephori,
246 2531 388 2615 quicum
403 2477 576 2613 admopepe
585 2534 758 2616 cupiebat,
773 2532 899 2594 insidias
914 2531 975 2591 sibi
988 2529 1060 2590 lieri

92 2612 260 2672 intellexit
281 2614 391 2696 ltaque
435 2613 530 2673 aucis
543 2627 615 2676 ante
637 2613 806 2694 gradibus,
826 2631 923 2694 quam
937 2609 992 2692 qui
1011 2629 1059 2670 se·
1082 2631 1100 2672 s

94 2691 294 2774 quebantm·,
314 2691 346 2754 in
361 2634 473 2769 esiliam
489 2691 668 2770 Minervae,
689 2711 773 2780 quae
786 2689 988 2757 Χαλκὶιιικος
1002 2708 1061 2748 vo-

51 2809 53 2813 >
94 2781 204 2846 catur,
225 2770 380 2853 confugit.
404 2771 488 2830 Hinc
509 2789 551 2849 ne
571 2771 661 2846 edire
674 2780 802 2855 posset,
822 2768 929 2830 statim
945 2765 1061 2846 ephori

95 2849 203 2911 valvas
226 2850 293 2910 eius
315 2850 401 2910 aedis
426 2849 683 2931 obstruserunt,
698 2861 886 2931 tectumque
911 2858 983 2906 sunt
1004 2844 1060 2906 de·

94 2928 215 3004 moliti,
242 2951 306 3014 quo
328 2927 453 3008 facilius
471 2928 534 3006 sub
556 2927 632 2999 divo
651 2927 809 2998 interiret.
853 2923 1101 3000 Dicitur,sc03

91 3009 245 3088 'tempore
259 3014 393 3084 matiam
401 3007 575 3083 Pausaniae
588 3007 712 3086 sitisse,
725 3026 859 3090 eamque
871 3005 933 3066 iam
945 3024 1062 3086 magno

17 3144 19 3149 .
96 3098 191 3162 natu,
214 3100 383 3170 postquam
407 3087 596 3166 descelere
620 3087 676 3148 lilii
698 3085 874 3166 comperit,
898 3085 930 3144 in
950 3081 1062 3164 primis

96 3163 137 3226 ad
152 3163 251 3227 filium
272 3166 484 3247 claudendpm
505 3165 644 3250 lapidem
665 3166 706 3226 ad
723 3165 888 3226 introitum
909 3164 995 3224 aedis
1017 3173 1063 3222 at·

96 3245 218 3306 tulisse.
278 3245 332 3308 Sic
354 3241 525 3314 Pausanias
539 3256 696 3326 ‘magnam
717 3243 795 3306 belli
815 3241 951 3337 gloriam
974 3239 1062 3379 turpi
1084 3245 1105 3311 4

98 3337 204 3387 morte
233 3325 413 3388 maculavit.
450 3325 513 3386 Hic
535 3345 634 3409 quum
659 3324 847 3386 semianimis
878 3321 919 3383 de
940 3333 1061 3402 tempo

103 3475 301 3492 ιιιι--ιιι-
314 3479 318 3485 ¹

171 3544 202 3611 ι)
227 3545 261 3605 al,
281 3527 424 3614 repentini
436 3547 556 3610 consilii,
574 3547 627 3598 vid.
645 3547 717 3596 Stnv.
740 3549 767 3594 ct
784 3539 888 3593 Daclm.
