2524 3872
183 433 222 480 so
441 414 464 480 1.
485 433 673 483 nausiante.
704 417 733 487 3.
759 425 788 496 l·
810 420 837 485 5.

181 597 218 656 aa
238 597 349 640 rursus
372 578 511 641 Athenas
531 581 729 664 demigravit.
766 582 862 643 Cuius
883 582 964 644 ratio
988 583 1047 644 etsi
1071 605 1136 644 non

179 658 294 734 valuit,
309 669 414 720 tamen
428 681 622 742 magnopere
638 675 686 722 est
699 662 869 738 laudanda,
891 685 989 745 quum
1004 664 1136 724 amicior

179 737 319 798 omnium
337 739 494 815 libertati,
518 763 612 823 quam
626 762 700 801 suae
715 741 815 800 fuerit
834 742 1047 802 dominationi.

258 816 311 878 lV.
341 818 457 877 Darius
487 833 608 895 antem,
638 841 735 900 quum
762 841 800 890 ex
821 822 952 900 Europa
973 821 1005 880 in'
1029 822 1137 884 Asiam

178 893 331 972 redisset,
360 897 558 958 hortantibus
579 899 703 972 amieis,
728 911 764 958 ut
785 900 950 959 Graeciam
972 900 1138 980 redigeret

158 975 209 1033 ‘in
231 994 318 1032 suam
343 987 550 1056 potestatem,
580 979 712 1037 classem
737 977 979 1074 quingentarum
1007 979 1136 1038 navium

178 1055 389 1133 comparavit,
415 1057 508 1139 eique
529 1057 636 1116 Datim
655 1057 813 1136 praelecit
828 1069 863 1116 et
883 1056 1133 1138 Artaphernem

176 1131 290 1212 hisque
305 1133 440 1194 ducenta
449 1137 615 1216 peditum,
636 1135 749 1194 decem
762 1135 858 1194 millia
874 1137 1015 1217 equitum
1030 1135 1133 1196 dedita

177 1229 301 1270 causam
323 1213 533 1290 interserens,
563 1234 597 1274 se
626 1214 751 1274 hostem
779 1234 849 1274 esse
870 1213 1135 1293 Atheniensibus,

177 1288 265 1372 quod
283 1310 395 1352 eorum
417 1294 532 1354 auxilio
555 1295 647 1354 lones
668 1289 774 1352 Sardis
800 1301 1042 1373 expugnassent,
1063 1315 1135 1353 sua-

136 1389 154 1429 α
176 1389 239 1453 que
254 1370 411 1448 praesidia
423 1371 666 1432 interfecissent.
687 1373 736 1430 Illi
748 1372 906 1452 praefecti
920 1374 1020 1454 regii,
1033 1374 1133 1432 classe

175 1449 216 1507 ad
238 1447 404 1513 Euboeam
434 1451 582 1532 appulsa,
610 1451 760 1512 celeriter
781 1451 940 1511 Eretriam
961 1459 1116 1546 ceperunt

176 1543 351 1610 omnesque
384 1529 451 1588 eius
480 1531 582 1612 gentis
611 1531 696 1591 cives
725 1528 873 1611 abreptos
903 1531 934 1590 in
955 1532 1064 1590 As1am
1091 1493 1135 1591 ad

173 1625 286 1687 regem
308 1607 471 1668 miserunt.
512 1609 589 1669 Inde
618 1609 657 1668 ad
685 1609 822 1670 Atticam
852 1613 1071 1686 accesserunt,
1095 1628 1133 1670 ac

174 1703 245 1746 suas
272 1687 379 1766 copias
401 1688 434 1746 in
468 1704 613 1781 campum
638 1688 821 1748 Marathona
853 1687 1062 1748 deduxerunt.
1103 1690 1133 1748 Is

133 1766 153 1828 3
175 1765 265 1826 abest
284 1765 323 1825 ab
342 1767 462 1846 oppido
474 1767 608 1828 circiter
624 1764 721 1826 millia
740 1786 889 1858 passuum
911 1768 1033 1828 decem.
1057 1771 1132 1828 Hoc

173 1845 312 1904 tumultu
335 1845 543 1910 Athenienses
570 1859 632 1907 tam
653 1861 835 1928 propinquo
859 1852 989 1928 tamque
1016 1867 1131 1940 magno

172 1924 314 2004 permoti
344 1925 493 1984 auxilinm
521 1943 691 2010 nusquam,
719 1921 778 1984 nisi
809 1945 826 1984 a
852 1926 1132 2001 Lacedaemoniis,

171 2003 367 2084 petiverunt,
382 2005 672 2097 Phidippidemque
684 2003 713 2082 ὁ)
729 2019 894 2065 cursorem
909 2005 976 2064 eius
993 2005 1132 2098 generis,

172 2083 227 2164 qui
247 2081 486 2144 hemerodronn
497 2096 662 2161 vocantur,
677 2083 951 2144 Lacedaemonem
965 2096 1132 2158 miserunt,

131 2175 153 2242 4
171 2172 208 2222 ut
223 2162 403 2236 nunciaret,
425 2183 519 2244 quam
540 2163 639 2223 celeri
659 2178 738 2242 opus
760 2173 843 2222 esset
866 2162 992 2223 auxilio.
1033 2163 1131 2223 Domi

171 2252 278 2302 autem
303 2248 413 2300 creant
438 2241 550 2300 decem
574 2254 756 2324 praetores,
787 2241 841 2323 qui
863 2241 1017 2302 exercitui
1036 2261 1131 2322 prae·

171 2329 294 2398 essent,
317 2321 349 2380 in
370 2319 414 2379 eis
431 2321 613 2381 Miltiadem.
638 2323 724 2380 luter
744 2336 825 2402 quos
840 2337 952 2402 magna
971 2319 1033 2380 luit
1054 2341 1131 2380 con-

169 2399 289 2474 tentio,
319 2411 425 2458 utrum
445 2401 610 2461 moenibus
632 2420 665 2461 se
688 2400 917 2476 defenderent,
942 2421 980 2459 an
1002 2400 1130 2462 obviam

129 2479 150 2542 6
170 2478 254 2536 irent
276 2477 439 2554 hostibus,
461 2479 591 2562 acieque
611 2480 832 2540 decernerent.
864 2479 951 2538 Unus
971 2478 1129 2539 Miltiades

168 2555 303 2617 maxime
325 2557 501 2634 nitebatur,
524 2571 563 2618 ut
580 2559 684 2639 primo
707 2577 836 2650 quoque
855 2569 1000 2638 tempore
1026 2569 1129 2618 castra

99 2680 100 2683 η
168 2637 294 2697 fierent.
325 2636 361 2696 ld
378 2637 405 2695 si
422 2635 543 2696 factum
564 2650 665 2712 esset,
687 2649 718 2697 et
732 2636 854 2699 civibus
873 2638 1008 2697 animum
1023 2651 1129 2696 acces·-

168 2730 296 2790 surum,
326 2737 425 2798 quum
451 2716 615 2792 viderent,
640 2717 680 2776 de
707 2737 820 2777 eorum
843 2717 960 2777 virtute
984 2737 1048 2775 non
1072 2712 1129 2774 tie*

167 2813 182 2852 s
207 2795 305 2870 erari,
327 2807 359 2855 et
378 2795 487 2854 hostes
510 2796 621 2856 eadem
641 2817 678 2856 re
699 2795 771 2858 fore
785 2795 962 2870 tardiores,
984 2795 1010 2854 si
1031 2791 1128 2854 anim·

167 2815 383 2953 adverterent,
404 2873 514 2934 auderi
530 2873 561 2955 l)
577 2875 729 2938 adversus
750 2897 784 2937 se
803 2887 868 2935 tam
887 2873 1009 2958 exiguis
1026 2874 1128 2957 copiis

165 2951 327 3015 dimicare.
990 3027 992 3030 ¹

245 3033 285 3096 V.
313 3032 440 3096 Hoein
463 3039 612 3116 tempore
638 3037 724 3096 nulla
748 3035 857 3098 civitas
878 3033 1141 3096 Atheniensibus.

105 3170 108 3176 ,
163 3111 279 3178 auxilio
308 3113 371 3177 fuit
398 3124 529 3196 praeter
551 3115 754 3177 Plataeenses
779 3115 822 3196 ⁵).
860 3117 909 3175 Ea
931 3115 1018 3176 mille
1042 3112 1127 3173 misit

139 3239 326 3262 *-

213 3306 241 3376 3)
271 3311 308 3359 itu
325 3310 425 3361 Giinth.
448 3304 541 3364 ecocl.
558 3313 643 3377 Loug.
665 3311 799 3374 restituit,
817 3325 898 3379 quem
916 3303 995 3362 Bard.
1013 3313 1124 3360 secutus

160 3381 201 3436 stt
228 3384 254 3424 et
281 3377 368 3427 Brem.
397 3375 422 3440 ti.
449 3403 482 3415 -
512 3381 556 3428 vul
576 3397 591 3428 o
618 3378 870 3448 Philippidemque;
896 3378 931 3430 cl.
961 3375 1066 3428 Daehn·
1090 3399 1126 3416 -

158 3439 187 3509 4)
206 3442 286 3492 codd.
307 3442 371 3509 qdd.
391 3452 419 3494 et
435 3453 497 3496 vett.
518 3397 580 3498 edi.
600 3443 717 3508 eradere,
737 3447 837 3514 probat
853 3447 989 3504 fleus.-

209 3502 237 3577 5)
257 3525 288 3560 ex
305 3512 440 3562 nonnullis
456 3519 519 3564 vett.
533 3511 596 3564 edd.
608 3510 703 3563 Tzscb.
719 3511 790 3565 Stsv.
803 3527 835 3565 a.
849 3513 885 3564 sl.
905 3511 1124 3564 Plataeensium.
