2524 3872
215 399 251 459 sil
528 399 551 459 l.
572 415 760 470 usuarium.
786 418 809 461 t.
832 413 860 462 Ι.

209 575 274 640 quo
289 555 487 639 potissimum
508 552 592 617 duce
612 563 788 617 uterentur.
817 555 977 640 (Namque
991 555 1172 620 tumThsu·
1250 561 1251 574 ¹

209 655 263 696 ces
295 657 348 696 eas
374 635 522 716 regiones
548 633 715 710 tenebant,
742 655 815 696 cum
843 635 960 720 quibus
981 637 1076 698 armis
1101 649 1173 704 erat

168 709 447 792 ddimicandum.)
490 713 548 772 llis
580 711 815 774 consulentibus
848 715 1031 775 nominatim
1060 717 1173 796 Pythia

209 793 391 886 praecepit,
417 804 453 852 ut
473 791 646 852 Miltiadem
666 789 725 852 sibi
746 792 972 874 imperatorem
992 807 1174 856 sumerent:

169 877 190 944 4
211 871 243 931 td
265 871 292 932 si
307 870 467 946 fecissent,
483 871 607 952 incepta
626 887 783 952 prospera
804 870 925 932 futura.
958 874 1031 932 Hoc
1049 872 1173 934 oraculi

209 969 365 1032 responso
376 949 533 1010 Miltiades
548 969 621 1010 oum
635 949 760 1010 delecta
771 971 865 1009 manu
882 951 981 1010 classe
994 949 1174 1012 Chersone·

210 1049 279 1090 sum
299 1030 465 1124 profectus
486 1048 586 1112 quum
607 1028 793 1088 accessisset
806 1031 979 1106 Lemnum,
1002 1041 1035 1088 et
1051 1029 1174 1090 incolas

210 1107 279 1168 eius
300 1110 421 1168 msulae
437 1107 495 1168 sub
516 1114 706 1188 potestatem
722 1106 871 1189 redigere
885 1107 985 1170 vellet
999 1107 1175 1169 Athenien·

212 1186 310 1262 sium,
329 1186 426 1270 idque
440 1185 562 1246 Lemnii
581 1203 636 1244 sua
651 1196 763 1266 sponte
777 1181 939 1262 facerent,
960 1187 1173 1267 postulasset:

170 1267 190 1328 5
212 1265 256 1324 illi
272 1265 442 1326 irridentes
457 1263 710 1346 responderunt,
724 1276 792 1324 tum
807 1265 840 1325 id
854 1285 888 1325 se
903 1263 1057 1342 facturos,
1072 1287 1175 1348 quum
1250 1289 1251 1304 ¹

211 1344 282 1421 ille,
307 1345 404 1406 domo
425 1343 554 1406 navibus
577 1343 785 1425 proficiscens
807 1356 904 1405 vento
925 1343 1090 1426 aquilone,
1117 1365 1175 1407 re·

211 1423 308 1484 nisset
328 1427 491 1484 Lemnum,
532 1422 593 1485 Hic
615 1423 698 1483 enim
718 1432 849 1499 tentus,
871 1422 1175 1504 aseptentrionihus
1250 1437 1251 1440 ’

171 1500 192 1562 b
212 1503 337 1580 oriens,
357 1503 527 1565 adversum
546 1504 634 1562 tenet
649 1500 780 1561 Athenis
797 1499 1082 1583 proficiscentibus.
1102 1502 1175 1562 Mil-

211 1581 330 1656 tiades,
352 1582 495 1644 morandi
514 1591 639 1662 tempus
659 1595 722 1640 non
742 1570 879 1656 hahens,
900 1597 1028 1642 cursum
1044 1580 1175 1660 direxit,
1250 1635 1251 1642 ,

213 1681 278 1743 quo
294 1653 455 1734 tendebat,
474 1661 686 1743 pervenitque
707 1659 949 1726 Chersonesum.
1249 1715 1251 1728 ,

221 1785 225 1791 .
276 1743 314 1800 ll.
339 1731 386 1799 lbi
405 1733 498 1801 brevi
517 1741 663 1819 tempore
683 1738 893 1799 barbarorum
906 1737 1008 1820 copiis
1022 1736 1175 1818 disiectis,

211 1824 280 1891 tota
294 1819 436 1902 regione,
452 1839 544 1912 quam
560 1817 706 1898 petierat,
719 1817 848 1900 potitus,
866 1818 936 1879 loca
951 1817 1088 1878 castellis
1104 1817 1175 1878 ido·

211 1919 270 1958 nea
285 1898 505 1974 communiunt,
526 1897 780 1974 multitudinem,
798 1907 892 1980 quam
906 1909 1014 1956 secum
1027 1896 1175 1976 duxerat,

212 1977 244 2036 in
272 1978 356 2059 agris
385 1977 571 2052 collocavit,
600 1977 790 2058 crebrisque
823 1974 1062 2036 excursionibus
1084 1976 1175 2050 locu·

173 2074 191 2116 s
237 2057 356 2117 letavit.
401 2060 515 2137 Neque
541 2055 643 2116 minus
671 2055 703 2116 in
733 2076 771 2115 ea
798 2075 835 2116 re
865 2054 1051 2136 prudentia,
1101 2075 1176 2118 uam

213 2077 382 2209 Felicitate,
412 2135 534 2194 adiutus
563 2143 621 2192 ests
660 2136 738 2193 Nam
764 2149 869 2218 ,quum
896 2133 1015 2194 virtute
1038 2075 1176 2194 mihtum

212 2213 352 2274 hostium
380 2211 550 2272 devicisset
582 2213 757 2289 exercitus,
790 2225 911 2272 summa
934 2211 1094 2295 aequitate
1121 2233 1176 2274 res

172 2291 192 2355 3
214 2292 395 2366 οοιίεῑίιιιίῑ,
419 2303 514 2374 atque
532 2291 599 2371 ipse
620 2290 737 2352 ibidem
758 2311 886 2353 manere
902 2291 1055 2354 decrerit.
1095 2290 1177 2352 Erat

213 2371 297 2431 euim
316 2370 399 2442 inter
420 2391 475 2432 eos
495 2369 647 2451 dignitate
668 2373 774 2452 rogia,
802 2371 944 2454 quamtis
967 2369 1097 2434 carebat
1118 2392 1176 2432 no·

132 2453 159 2488 ='
213 2450 315 2526 mine,
341 2469 380 2509 ne
403 2471 444 2510 ue
468 2442 501 2509 id
520 2449 618 2530 m'agi's
642 2449 794 2530 imperio,
824 2471 918 2543 quam
938 2449 1074 2525 iustitia,
1100 2468 1177 2510 eon·

213 2539 352 2590 secutus.
422 2545 505 2613 eque
533 2547 573 2589 eo
604 2529 706 2590 secius
729 2527 991 2608 Atheniensibus,
1019 2527 1177 2610 aquibus

214 2607 282 2682 erat
302 2607 481 2689 profectus,
503 2602 612 2670 cilicia
632 2609 824 2696 praestabat.
855 2608 979 2694 Quibus
1000 2607 1097 2668 rebus
1119 2604 1178 2668 lie·
1250 2673 1251 2688 ,

213 2688 284 2764 hat,
306 2701 340 2748 ut
362 2711 422 2749 non
446 2689 547 2748 minus
573 2699 686 2749 eorum
706 2690 872 2758 voluntate
892 2698 1051 2768 perpetuo
1074 2686 1177 2767 impe·

213 2767 297 2828 rium
325 2767 502 2844 obtineret,
537 2768 593 2852 qui
614 2768 780 2842 miset-ant,
807 2781 899 2850 quum
923 2767 1070 2844 illorum,
1101 2785 1177 2826 cum

172 2858 193 2923 4
213 2847 329 2930 quibus
351 2858 419 2910 erat
439 2847 616 2930 profectus.
639 2847 841 2908 Chersoneso
861 2842 917 2906 tali
936 2845 1032 2908 modo
1058 2845 1177 2906 consti·

185 2937 192 2968 ι·
213 2937 298 3002 tuta,
324 2929 479 2986 Lemnum
501 2927 695 3004 summitur,
724 2939 757 2988 et
778 2943 817 2987 er
838 2937 932 3008 pacto
952 2925 1112 3009 postulat,
1138 2935 1177 2985 ut

213 3004 273 3066 sibi
286 3005 401 3065 urbem
421 3007 554 3066 tradante
593 3005 643 3065 llli
661 3007 743 3066 enim
758 3006 920 3082 dixerant,
940 3025 1056 3088 quum,
1077 3001 1176 3067 vento

212 3083 313 3145 borea
329 3083 425 3146 domo
447 3086 631 3166 profectus,
653 3100 692 3146 eu
717 3087 934 3166 pervenisset,
956 3103 1027 3143 sese
1049 3081 1177 3143 deditu-

172 3166 286 3242 oros,
312 3184 348 3224 se
378 3176 484 3226 autem
512 3165 641 3226 domum
669 3164 860 3226 Chersonesi
890 3163 1019 3226 habete.
1061 3163 1178 3239 Cares,
1250 3223 1251 3240 ,

215 3242 350 3326 quitum
367 3245 523 3304 Lemnum
539 3243 735 3319 incolebant,
760 3245 820 3304 etsi
864 3255 972 3304 raeter
993 3241 1178 3323 opinionem
1225 3291 1231 3301 ,

213 3343 267 3383 res
290 3323 464 3397 ceciderat,
487 3333 601 3398 tamen,
622 3343 686 3382 non
706 3321 792 3382 dieto
807 3265 864 3383 sed
884 3321 1023 3382 secunda
1046 3319 1178 3381 fortuna

215 3401 472 3463 tidros-sariorum
493 3401 595 3482 capu,
619 3401 769 3462 resistere
794 3402 861 3462 ausi
880 3421 944 3478 nou
968 3409 1057 3479 sunt,
1078 3410 1177 3483 atque
