2524 3872
144 418 199 491 rlr'
426 432 583 477 connntu
603 429 743 473 suroris
771 425 858 469 vrrs.

141 597 210 661 esp.
222 597 248 637 ι.
270 572 369 662 Quod
382 573 409 667 si
423 571 493 666 quis
507 570 686 654 fragmenta
700 568 804 664 omnia
817 569 951 651 Nepotis
967 564 1139 642 desideret,

139 659 236 740 longe
259 655 295 716 iis
323 652 510 735 colligendis
530 653 675 734 priorum
692 660 769 711 vscrt
789 647 974 743 industriam
993 646 1139 742 Andreas

137 727 1141 884 ttll‘t'..¹¹‘¹3¹⁰¹{tttt'lt‘ttt⁸tt³t⁰.¹.¹.¹¹‘li.¹.t.lt¹¹

137 861 193 1038 pri
221 859 325 954 Plinio
337 831 452 952 ptrilisii
479 892 563 952 solet
571 855 591 966 ‚²
611 889 752 951 Cornelii
775 887 908 968 Nepotis
933 908 1022 963 esse,
1054 849 1140 947 haud

167 974 241 1036 lim'i.
264 974 373 1066 Atque
394 970 427 1030 id
449 969 612 1032 veteribus
635 968 798 1030 codicibus
819 967 918 1027 astrui
938 987 1034 1108 posse
1056 987 1140 1027 osse-

138 1065 237 1118 rerst.
278 1054 382 1113 Etram
402 1050 465 1110 lani
486 1050 564 1110 haec
584 1047 745 1108 Parrhasii
765 1047 918 1109 sententis
951 1047 1010 1108 'uit
1029 1047 1139 1106 Utrius

138 1137 196 1211 sit,
219 1131 376 1208 dubitari,
402 1129 444 1190 ait
469 1129 614 1203 Vinctus,
635 1148 750 1189 necea
773 1129 813 1188 de
838 1146 874 1187 re
893 1138 1034 1188 statuere
1048 1126 1140 1210 quid·

138 1235 232 1300 quam
254 1232 347 1272 ausus
369 1221 427 1271 est.
458 1211 557 1270 Immo
581 1208 677 1290 aliqui
699 1219 754 1268 sut
774 1206 980 1282 Suetonium,
1004 1217 1060 1266 sut
1080 1209 1140 1266 'Pa-

139 1297 238 1355 citum
254 1311 324 1352 csse
338 1301 503 1350 auctorem
517 1299 684 1369 putarunt:
704 1300 741 1348 ut
757 1288 873 1348 indicat
888 1286 1055 1366 Gyrsldus‚
1075 1286 1140 1346 dia-

136 1374 272 1456 logismc
293 1370 407 1430 XXVI.
428 1368 493 1428 Sed
510 1368 635 1428 omnino
657 1380 730 1428 sunt
747 1365 835 1428 Sexti
850 1367 973 1426 Aurelii
988 1366 1139 1443 Victoris,

136 1465 173 1512 ut
193 1451 267 1512 satis
287 1467 370 1510 nunc
391 1459 514 1510 constat
533 1467 572 1507 ex
591 1445 730 1508 editione
746 1447 894 1507 Andreae
909 1445 1043 1508 schotti.
1067 1449 1139 1506 Non

137 1531 251 1592 dubito
273 1527 417 1604 interim,
451 1527 526 1610 quin
555 1525 711 1618 pleraque
736 1547 775 1588 ex
796 1529 922 1607 Nepote
944 1525 1060 1588 Victor
1084 1527 1140 1588 de·

137 1610 294 1671 sumserit.
328 1611 406 1667 Nam
433 1605 521 1691 quod
542 1605 725 1666 Ludovrcus
741 1607 857 1681 Vives,
888 1605 986 1671 lib.V
1011 1607 1052 1668 de
1076 1620 1139 1668 trs-

99 1757 104 1766 ,
136 1689 248 1751 dendis
272 1686 461 1782 disciplinis,
488 1687 648 1766 Nepotem
672 1697 726 1745 aut
746 1685 787 1746 de
809 1685 940 1746 Graecis
961 1687 1063 1747 solum
1081 1687 1139 1748 du·

135 1770 227 1832 cibus
248 1766 310 1828 scri
334 1786 421 1842 sisse,
443 1765 476 1825 id
497 1765 570 1825 satis
594 1763 756 1824 refellitur
775 1764 883 1825 verbis
897 1766 1028 1846 Nepotis
1047 1778 1138 1827 antea

135 1849 288 1910 adductis.
351 1847 379 1906 ir
400 1845 618 1922 doctissimus,
638 1846 683 1904 lo.
705 1844 803 1904 Maris
827 1846 1019 1922 Cretensem,
1044 1849 1138 1906 Com·

135 1927 291 1988 monterio
315 1925 347 1986 in
366 1925 460 1985 Plinii
480 1925 534 1985 lib.
556 1925 610 2001 lv,
635 1923 797 2060 epieteti,
819 1944 901 2007 quae
923 1925 963 1985 ad
980 1924 1138 1987 Severum

135 2008 254 2089 scripta
276 2018 342 2081 est,
364 2006 459 2066 etiam
479 2007 635 2065 Daretem
683 2002 829 2084 hrygium
852 2023 870 2062 a
891 2006 1017 2085 Nepote
1037 2015 1138 2065 trans·

134 2087 233 2146 letum
254 2085 435 2146 arbitratur.
459 2087 582 2164 Nempe
605 2082 733 2162 decepit
755 2101 828 2142 eum
848 2083 988 2166 vulgaris
1010 2080 1138 2158 ἐπιγρα.

135 2163 189 2242 φή.
211 2167 359 2227 Attamen
380 2175 413 2223 et
428 2162 480 2222 hic
497 2183 578 2246 aqua
592 2161 704 2222 haeret
715 2160 850 2240 Vineto‚
870 2164 952 2223 notis
970 2164 1001 2222 in
1016 2165 1137 2225 Auson.

133 2245 222 2324 ldyll.
236 2245 304 2308 Vll.
333 2246 436 2324 Negat
451 2261 538 2317 esse,
560 2241 617 2323 qui
633 2240 713 2301 certi
733 2241 850 2324 aliquid
868 2243 908 2302 de
931 2243 1136 2304 translatione

133 2324 194 2385 hac
213 2324 294 2385 ausit
309 2321 478 2381 affirmare.
500 2321 599 2402 Atqui
613 2340 732 2396 omnes,
754 2322 868 2404 quibus
884 2321 984 2382 ullum
1000 2323 1031 2382 in
1044 2321 1137 2382 hisce

132 2404 234 2464 literis
259 2401 411 2462 iudicium
436 2410 502 2476 est,
533 2403 607 2460 satis
628 2400 755 2476 rident,
786 2422 844 2462 nec
865 2404 1019 2462 Daretem
1046 2402 1137 2462 illum

134 2503 204 2544 esse
229 2481 497 2565 genuinum‚1rec
520 2479 691 2558 dictionem
716 2481 784 2541 cius
807 2483 1002 2562 Augusteam
1023 2502 1136 2562 sapere

134 2574 287 2638 aetatem,
302 2559 360 2621 sed
375 2557 589 2619 recentiorem
604 2560 715 2620 multo.
746 2563 907 2642 Nepotem
925 2573 1029 2622 autem
1045 2565 1135 2622 Caes.

133 2641 270 2724 Augusti
290 2639 407 2700 obiisse
428 2657 524 2713 aeto,
549 2638 670 2700 Plinius
691 2651 826 2700 testatur
846 2641 899 2701 lib.
923 2642 978 2716 lx,
1002 2661 1070 2722 cap.
1085 2642 1134 2720 39.

132 2722 240 2805 Atque
263 2719 326 2780 hoc
354 2717 492 2778 fortasse
517 2717 642 2798 impulit
662 2718 920 2797 Genebrardum,
948 2733 985 2780 ut
1005 2734 1135 2802 putaret

133 2820 207 2861 eum
227 2810 301 2858 nato
319 2797 380 2857 iam
401 2796 527 2856 Christo
546 2798 751 2879 superstitem
771 2797 890 2862 fuisse:
939 2799 971 2858 ui
993 2812 1025 2858 et
1046 2803 1135 2860 Iacc-

132 2879 210 2939 bum
233 2876 446 2953 Gualterium,
477 2876 734 2959 quamprimum
758 2877 881 2938 tabulas
904 2822 1018 2938 ederet
1041 2879 1135 2940 chro-

131 2957 357 3040 nographica,
374 2955 405 3016 in
420 2975 489 3016 eam
503 2957 691 3016 sententiam
705 2957 871 3037 pertraxit.
897 2958 961 3018 Sed
976 2959 1134 3052 Nepotem

132 3057 173 3098 eo
200 3055 302 3119 usque
327 3046 461 3095 aetatem
479 3054 698 3171 prorogasse,
724 3057 819 3097 nemo
848 3049 972 3097 temere
999 3038 1133 3116 dixerit,

132 3115 187 3218 (pri
209 3115 288 3176 tanti
315 3135 389 3174 eum
417 3113 450 3174 in
491 3115 594 3174 rtteris
624 3114 758 3175 nominis
782 3115 845 3176 iem
871 3115 986 3196 Tullii,
1016 3117 1134 3195 Attici,

132 3195 259 3260 (satullii
278 3192 479 3276 temporibus
497 3191 598 3255 fuisse
619 3193 777 3274 cogitarit.

500 3372 752 3396 ¹¹*-
