<?xml version="1.0" encoding="UTF-8"?>
<!DOCTYPE html PUBLIC "-//W3C//DTD XHTML 1.0 Transitional//EN"
    "http://www.w3.org/TR/xhtml1/DTD/xhtml1-transitional.dtd">
<html xmlns="http://www.w3.org/1999/xhtml" xml:lang="en" lang="en">
 <head>
  <title>
</title>
<meta http-equiv="Content-Type" content="text/html;charset=utf-8" />
  <meta name='ocr-system' content='tesseract 3.04.00' />
  <meta name='ocr-capabilities' content='ocr_page ocr_carea ocr_par ocr_line ocrx_word'/>
</head>
<body>
  <div class='ocr_page' id='page_1' title='image "./quaeexstantadop00nepogoog_0119.png"; bbox 0 0 2564 3872; ppageno 0'>
   <div class='ocr_carea' id='block_1_1' title="bbox 352 395 1061 462">
    <p class='ocr_par' dir='ltr' id='par_1_1' title="bbox 352 395 1061 462">
     <span class='ocr_line' id='line_1_1' title="bbox 352 395 1061 462; baseline 0.008 -8"><span class='ocrx_word' id='word_1_1' title='bbox 352 395 466 462; x_wconf 82' lang='lat' dir='ltr'><strong>XVIII.</strong></span> <span class='ocrx_word' id='word_1_2' title='bbox 489 415 651 458; x_wconf 64' lang='lat' dir='ltr'><strong>eunucus.</strong></span> <span class='ocrx_word' id='word_1_3' title='bbox 678 420 722 456; x_wconf 87' lang='grc' dir='ltr'><strong>ιι.</strong></span> <span class='ocrx_word' id='word_1_4' title='bbox 744 417 789 456; x_wconf 73' lang='grc' dir='ltr'>ιιι.</span> <span class='ocrx_word' id='word_1_5' title='bbox 1009 423 1061 462; x_wconf 90' lang='grc' dir='ltr'><strong>ιιι</strong></span> 
     </span>
    </p>
   </div>
   <div class='ocr_carea' id='block_1_2' title="bbox 2 547 1111 1831">
    <p class='ocr_par' dir='ltr' id='par_1_2' title="bbox 104 547 1068 726">
     <span class='ocr_line' id='line_1_2' title="bbox 104 547 1068 638; baseline 0.002 -22"><span class='ocrx_word' id='word_1_6' title='bbox 104 547 359 636; x_wconf 61' lang='lat' dir='ltr'><strong>perentamulti</strong></span> <span class='ocrx_word' id='word_1_7' title='bbox 372 585 374 588; x_wconf 95' lang='lat'>·</span> <span class='ocrx_word' id='word_1_8' title='bbox 389 555 501 633; x_wconf 87' lang='lat' dir='ltr'><strong>etiam,</strong></span> <span class='ocrx_word' id='word_1_9' title='bbox 529 554 584 636; x_wconf 85' lang='lat' dir='ltr'><strong>qui</strong></span> <span class='ocrx_word' id='word_1_10' title='bbox 611 555 680 616; x_wconf 88' lang='lat' dir='ltr'><strong>eius</strong></span> <span class='ocrx_word' id='word_1_11' title='bbox 708 553 844 616; x_wconf 80' lang='lat' dir='ltr'><strong>sormam</strong></span> <span class='ocrx_word' id='word_1_12' title='bbox 869 575 1068 638; x_wconf 69' lang='lat' dir='ltr'><strong>cognescere</strong></span> 
     </span>
     <span class='ocr_line' id='line_1_3' title="bbox 106 635 1067 726; baseline 0.004 -32"><span class='ocrx_word' id='word_1_13' title='bbox 106 635 289 711; x_wconf 78' lang='lat' dir='ltr'><strong>studebunt,</strong></span> <span class='ocrx_word' id='word_1_14' title='bbox 311 637 415 718; x_wconf 86' lang='lat' dir='ltr'><strong>qualis</strong></span> <span class='ocrx_word' id='word_1_15' title='bbox 436 649 541 726; x_wconf 72' lang='lat' dir='ltr'><strong>esset„</strong></span> <span class='ocrx_word' id='word_1_16' title='bbox 567 654 662 716; x_wconf 90' lang='lat' dir='ltr'><strong>quem</strong></span> <span class='ocrx_word' id='word_1_17' title='bbox 682 637 802 696; x_wconf 87' lang='lat' dir='ltr'><strong>tamdiu</strong></span> <span class='ocrx_word' id='word_1_18' title='bbox 822 637 951 720; x_wconf 79' lang='lat' dir='ltr'><strong>tamque</strong></span> <span class='ocrx_word' id='word_1_19' title='bbox 973 637 1067 699; x_wconf 80' lang='lat' dir='ltr'><strong>vaide</strong></span> 
     </span>
    </p>

    <p class='ocr_par' dir='ltr' id='par_1_3' title="bbox 2 713 1069 796">
     <span class='ocr_line' id='line_1_4' title="bbox 2 713 1069 796; baseline 0.003 -22"><span class='ocrx_word' id='word_1_20' title='bbox 2 789 3 796; x_wconf 8' lang='grc' dir='ltr'>ἵ</span> <span class='ocrx_word' id='word_1_21' title='bbox 105 715 302 792; x_wconf 81' lang='lat' dir='ltr'><strong>timuissent,</strong></span> <span class='ocrx_word' id='word_1_22' title='bbox 319 716 410 776; x_wconf 90' lang='lat' dir='ltr'><strong>cuius</strong></span> <span class='ocrx_word' id='word_1_23' title='bbox 424 716 455 774; x_wconf 92' lang='lat' dir='ltr'><strong>in</strong></span> <span class='ocrx_word' id='word_1_24' title='bbox 470 713 614 796; x_wconf 84' lang='lat' dir='ltr'><strong>pernicie</strong></span> <span class='ocrx_word' id='word_1_25' title='bbox 628 715 763 793; x_wconf 79' lang='lat' dir='ltr'><strong>positam</strong></span> <span class='ocrx_word' id='word_1_26' title='bbox 781 737 868 796; x_wconf 88' lang='lat' dir='ltr'><strong>spem</strong></span> <span class='ocrx_word' id='word_1_27' title='bbox 886 715 1069 777; x_wconf 77' lang='lat' dir='ltr'>habuissent</span> 
     </span>
    </p>

    <p class='ocr_par' dir='ltr' id='par_1_4' title="bbox 2 795 1107 1115">
     <span class='ocr_line' id='line_1_5' title="bbox 2 795 1107 875; baseline 0.003 -20"><span class='ocrx_word' id='word_1_28' title='bbox 2 802 3 866; x_wconf 59' lang='grc' dir='ltr'>ξ</span> <span class='ocrx_word' id='word_1_29' title='bbox 105 796 266 857; x_wconf 78' lang='lat' dir='ltr'><strong>victoriae·</strong></span> <span class='ocrx_word' id='word_1_30' title='bbox 306 795 351 858; x_wconf 81' lang='lat' dir='ltr'><strong>At</strong></span> <span class='ocrx_word' id='word_1_31' title='bbox 387 797 567 869; x_wconf 76' lang='lat' dir='ltr'><strong>Eumenes,</strong></span> <span class='ocrx_word' id='word_1_32' title='bbox 594 814 693 875; x_wconf 90' lang='lat' dir='ltr'><strong>quum</strong></span> <span class='ocrx_word' id='word_1_33' title='bbox 722 795 839 854; x_wconf 89' lang='lat' dir='ltr'><strong>diutius</strong></span> <span class='ocrx_word' id='word_1_34' title='bbox 870 797 901 858; x_wconf 92' lang='lat' dir='ltr'><strong>in</strong></span> <span class='ocrx_word' id='word_1_35' title='bbox 932 797 1107 858; x_wconf 72' lang='lat' dir='ltr'><strong>vinculisd</strong></span> 
     </span>
     <span class='ocr_line' id='line_1_6' title="bbox 105 872 1068 956; baseline 0.001 -23"><span class='ocrx_word' id='word_1_36' title='bbox 105 887 207 952; x_wconf 89' lang='lat' dir='ltr'><strong>esset,</strong></span> <span class='ocrx_word' id='word_1_37' title='bbox 238 873 281 933; x_wconf 88' lang='lat' dir='ltr'><strong>ait</strong></span> <span class='ocrx_word' id='word_1_38' title='bbox 301 872 527 948; x_wconf 81' lang='lat' dir='ltr'>Onomarcho,</span> <span class='ocrx_word' id='word_1_39' title='bbox 554 892 653 952; x_wconf 89' lang='lat' dir='ltr'><strong>penes</strong></span> <span class='ocrx_word' id='word_1_40' title='bbox 678 893 775 954; x_wconf 88' lang='lat' dir='ltr'><strong>quem</strong></span> <span class='ocrx_word' id='word_1_41' title='bbox 798 895 924 936; x_wconf 56' lang='lat' dir='ltr'><strong>summa*</strong></span> <span class='ocrx_word' id='word_1_42' title='bbox 939 876 1068 956; x_wconf 87' lang='lat' dir='ltr'><strong>imperii</strong></span> 
     </span>
     <span class='ocr_line' id='line_1_7' title="bbox 106 952 1069 1036; baseline 0 -22"><span class='ocrx_word' id='word_1_43' title='bbox 106 967 175 1014; x_wconf 83' lang='lat' dir='ltr'><strong>erat</strong></span> <span class='ocrx_word' id='word_1_44' title='bbox 197 953 380 1030; x_wconf 79' lang='lat' dir='ltr'><strong>custodiae,</strong></span> <span class='ocrx_word' id='word_1_45' title='bbox 408 973 442 1013; x_wconf 89' lang='lat' dir='ltr'><strong>se</strong></span> <span class='ocrx_word' id='word_1_46' title='bbox 467 952 593 1028; x_wconf 84' lang='lat' dir='ltr'><strong>mirari,</strong></span> <span class='ocrx_word' id='word_1_47' title='bbox 619 972 720 1036; x_wconf 84' lang='lat' dir='ltr'><strong>quare</strong></span> <span class='ocrx_word' id='word_1_48' title='bbox 748 953 809 1014; x_wconf 90' lang='lat' dir='ltr'><strong>iam</strong></span> <span class='ocrx_word' id='word_1_49' title='bbox 832 955 962 1016; x_wconf 83' lang='lat' dir='ltr'><strong>tertium</strong></span> <span class='ocrx_word' id='word_1_50' title='bbox 984 957 1069 1014; x_wconf 88' lang='lat' dir='ltr'><strong>diem</strong></span> 
     </span>
     <span class='ocr_line' id='line_1_8' title="bbox 106 1031 1069 1115; baseline 0.002 -23"><span class='ocrx_word' id='word_1_51' title='bbox 106 1035 152 1094; x_wconf 77' lang='lat' dir='ltr'><strong>sIc</strong></span> <span class='ocrx_word' id='word_1_52' title='bbox 172 1046 357 1094; x_wconf 88' lang='lat' dir='ltr'><strong>teneretur:</strong></span> <span class='ocrx_word' id='word_1_53' title='bbox 378 1053 442 1092; x_wconf 92' lang='lat' dir='ltr'><strong>non</strong></span> <span class='ocrx_word' id='word_1_54' title='bbox 459 1033 541 1092; x_wconf 90' lang='lat' dir='ltr'><strong>enim</strong></span> <span class='ocrx_word' id='word_1_55' title='bbox 556 1031 619 1092; x_wconf 91' lang='lat' dir='ltr'><strong>hoc</strong></span> <span class='ocrx_word' id='word_1_56' title='bbox 641 1033 813 1094; x_wconf 77' lang='lat' dir='ltr'><strong>convenire</strong></span> <span class='ocrx_word' id='word_1_57' title='bbox 828 1035 978 1115; x_wconf 73' lang='lat' dir='ltr'><strong>Antigoni</strong></span> <span class='ocrx_word' id='word_1_58' title='bbox 993 1055 1069 1114; x_wconf 82' lang='lat' dir='ltr'><strong>pru·</strong></span> 
     </span>
    </p>

    <p class='ocr_par' dir='ltr' id='par_1_5' title="bbox 80 1112 1111 1675">
     <span class='ocr_line' id='line_1_9' title="bbox 80 1112 1070 1197; baseline -0.002 -23"><span class='ocrx_word' id='word_1_59' title='bbox 80 1170 82 1174; x_wconf 86' lang='lat'>.</span> <span class='ocrx_word' id='word_1_60' title='bbox 105 1114 249 1190; x_wconf 80' lang='lat' dir='ltr'><strong>dentiae,</strong></span> <span class='ocrx_word' id='word_1_61' title='bbox 272 1123 309 1172; x_wconf 92' lang='lat' dir='ltr'><strong>ut</strong></span> <span class='ocrx_word' id='word_1_62' title='bbox 329 1112 374 1173; x_wconf 89' lang='lat' dir='ltr'><strong>sic</strong></span> <span class='ocrx_word' id='word_1_63' title='bbox 396 1133 431 1172; x_wconf 89' lang='lat' dir='ltr'><strong>se</strong></span> <span class='ocrx_word' id='word_1_64' title='bbox 451 1124 600 1175; x_wconf 84' lang='lat' dir='ltr'><strong>uteretur</strong></span> <span class='ocrx_word' id='word_1_65' title='bbox 621 1113 650 1192; x_wconf 78' lang='grc'><strong>5)</strong></span> <span class='ocrx_word' id='word_1_66' title='bbox 673 1112 779 1190; x_wconf 79' lang='lat' dir='ltr'><strong>vict03</strong></span> <span class='ocrx_word' id='word_1_67' title='bbox 802 1114 878 1197; x_wconf 91' lang='lat' dir='ltr'><strong>quin</strong></span> <span class='ocrx_word' id='word_1_68' title='bbox 899 1125 954 1173; x_wconf 85' lang='lat' dir='ltr'><strong>aut</strong></span> <span class='ocrx_word' id='word_1_69' title='bbox 975 1114 1070 1174; x_wconf 83' lang='lat' dir='ltr'><strong>inter-</strong></span> 
     </span>
     <span class='ocr_line' id='line_1_10' title="bbox 106 1191 1110 1278; baseline 0.001 -25"><span class='ocrx_word' id='word_1_70' title='bbox 106 1193 178 1269; x_wconf 82' lang='lat' dir='ltr'><strong>fici,</strong></span> <span class='ocrx_word' id='word_1_71' title='bbox 209 1203 263 1253; x_wconf 88' lang='lat' dir='ltr'><strong>aut</strong></span> <span class='ocrx_word' id='word_1_72' title='bbox 283 1193 413 1253; x_wconf 89' lang='lat' dir='ltr'><strong>missum</strong></span> <span class='ocrx_word' id='word_1_73' title='bbox 435 1193 508 1254; x_wconf 85' lang='lat' dir='ltr'><strong>fieri</strong></span> <span class='ocrx_word' id='word_1_74' title='bbox 535 1191 673 1254; x_wconf 86' lang='lat' dir='ltr'><strong>iuberet.</strong></span> <span class='ocrx_word' id='word_1_75' title='bbox 715 1194 777 1254; x_wconf 89' lang='lat' dir='ltr'><strong>Hic</strong></span> <span class='ocrx_word' id='word_1_76' title='bbox 806 1216 903 1278; x_wconf 90' lang='lat' dir='ltr'><strong>quum</strong></span> <span class='ocrx_word' id='word_1_77' title='bbox 927 1194 1110 1264; x_wconf 71' lang='lat' dir='ltr'><strong>I&#39;erociusd</strong></span> 
     </span>
     <span class='ocr_line' id='line_1_11' title="bbox 106 1271 1070 1356; baseline 0 -24"><span class='ocrx_word' id='word_1_78' title='bbox 106 1271 313 1335; x_wconf 83' lang='lat' dir='ltr'><strong>Onomarcho</strong></span> <span class='ocrx_word' id='word_1_79' title='bbox 330 1272 421 1354; x_wconf 89' lang='lat' dir='ltr'><strong>loqui</strong></span> <span class='ocrx_word' id='word_1_80' title='bbox 437 1272 621 1348; x_wconf 80' lang='lat' dir='ltr'><strong>videretur,</strong></span> <span class='ocrx_word' id='word_1_81' title='bbox 642 1271 742 1356; x_wconf 88' lang='lat' dir='ltr'><strong>quid?</strong></span> <span class='ocrx_word' id='word_1_82' title='bbox 763 1286 815 1349; x_wconf 89' lang='lat' dir='ltr'><strong>tu,</strong></span> <span class='ocrx_word' id='word_1_83' title='bbox 830 1273 948 1356; x_wconf 87' lang='lat' dir='ltr'><strong>inquit,</strong></span> <span class='ocrx_word' id='word_1_84' title='bbox 966 1273 1070 1333; x_wconf 83' lang='lat' dir='ltr'><strong>enimc</strong></span> 
     </span>
     <span class='ocr_line' id='line_1_12' title="bbox 107 1352 1071 1434; baseline 0 -23"><span class='ocrx_word' id='word_1_85' title='bbox 107 1352 133 1411; x_wconf 94' lang='lat' dir='ltr'><strong>si</strong></span> <span class='ocrx_word' id='word_1_86' title='bbox 148 1353 210 1414; x_wconf 88' lang='lat' dir='ltr'><strong>isto</strong></span> <span class='ocrx_word' id='word_1_87' title='bbox 226 1371 314 1430; x_wconf 83' lang='lat' dir='ltr'><strong>eras,</strong></span> <span class='ocrx_word' id='word_1_88' title='bbox 324 1371 388 1422; x_wconf 64' lang='lat' dir='ltr'><strong>¹cur</strong></span> <span class='ocrx_word' id='word_1_89' title='bbox 404 1373 467 1414; x_wconf 90' lang='lat' dir='ltr'><strong>non</strong></span> <span class='ocrx_word' id='word_1_90' title='bbox 481 1352 513 1412; x_wconf 90' lang='lat' dir='ltr'><strong>in</strong></span> <span class='ocrx_word' id='word_1_91' title='bbox 527 1352 656 1432; x_wconf 85' lang='lat' dir='ltr'><strong>proelio</strong></span> <span class='ocrx_word' id='word_1_92' title='bbox 671 1353 817 1414; x_wconf 76' lang='lat' dir='ltr'><strong>cecidisti</strong></span> <span class='ocrx_word' id='word_1_93' title='bbox 834 1353 960 1434; x_wconf 89' lang='lat' dir='ltr'><strong>potius,</strong></span> <span class='ocrx_word' id='word_1_94' title='bbox 976 1375 1071 1434; x_wconf 87' lang='lat' dir='ltr'><strong>qnam</strong></span> 
     </span>
     <span class='ocr_line' id='line_1_13' title="bbox 106 1429 1111 1514; baseline -0.002 -23"><span class='ocrx_word' id='word_1_95' title='bbox 106 1433 137 1492; x_wconf 92' lang='lat' dir='ltr'><strong>in</strong></span> <span class='ocrx_word' id='word_1_96' title='bbox 157 1445 348 1514; x_wconf 85' lang='lat' dir='ltr'><strong>potestatem</strong></span> <span class='ocrx_word' id='word_1_97' title='bbox 370 1431 487 1492; x_wconf 87' lang='lat' dir='ltr'><strong>inimici</strong></span> <span class='ocrx_word' id='word_1_98' title='bbox 507 1431 658 1494; x_wconf 85' lang='lat' dir='ltr'><strong>v&#39;enires?</strong></span> <span class='ocrx_word' id='word_1_99' title='bbox 691 1434 778 1494; x_wconf 90' lang='lat' dir='ltr'><strong>Huic</strong></span> <span class='ocrx_word' id='word_1_100' title='bbox 800 1435 979 1508; x_wconf 81' lang='lat' dir='ltr'><strong>Eumenes,</strong></span> <span class='ocrx_word' id='word_1_101' title='bbox 1010 1429 1111 1492; x_wconf 85' lang='lat' dir='ltr'><strong>uti-5</strong></span> 
     </span>
     <span class='ocr_line' id='line_1_14' title="bbox 106 1510 1071 1595; baseline -0.001 -24"><span class='ocrx_word' id='word_1_102' title='bbox 106 1533 178 1572; x_wconf 83' lang='lat' dir='ltr'><strong>nam</strong></span> <span class='ocrx_word' id='word_1_103' title='bbox 193 1513 322 1595; x_wconf 88' lang='lat' dir='ltr'><strong>quidem</strong></span> <span class='ocrx_word' id='word_1_104' title='bbox 336 1511 422 1572; x_wconf 86' lang='lat' dir='ltr'><strong>istud</strong></span> <span class='ocrx_word' id='word_1_105' title='bbox 437 1511 613 1574; x_wconf 77' lang='lat' dir='ltr'><strong>evenisset!</strong></span> <span class='ocrx_word' id='word_1_106' title='bbox 635 1513 693 1574; x_wconf 87' lang='lat' dir='ltr'><strong>sed</strong></span> <span class='ocrx_word' id='word_1_107' title='bbox 709 1517 749 1574; x_wconf 83' lang='lat' dir='ltr'><strong>e&#39;o</strong></span> <span class='ocrx_word' id='word_1_108' title='bbox 763 1533 826 1574; x_wconf 87' lang='lat' dir='ltr'><strong>non</strong></span> <span class='ocrx_word' id='word_1_109' title='bbox 842 1513 967 1589; x_wconf 80' lang='lat' dir='ltr'><strong>eccidit,</strong></span> <span class='ocrx_word' id='word_1_110' title='bbox 982 1510 1071 1595; x_wconf 89' lang='lat' dir='ltr'><strong>quod</strong></span> 
     </span>
     <span class='ocr_line' id='line_1_15' title="bbox 107 1587 1083 1675; baseline -0.004 -23"><span class='ocrx_word' id='word_1_111' title='bbox 107 1613 277 1675; x_wconf 80' lang='lat' dir='ltr'><strong>numquam</strong></span> <span class='ocrx_word' id='word_1_112' title='bbox 302 1587 379 1652; x_wconf 72' lang='lat' dir='ltr'><strong>cuni</strong></span> <span class='ocrx_word' id='word_1_113' title='bbox 393 1590 534 1652; x_wconf 83' lang='lat' dir='ltr'><strong>fortiore</strong></span> <span class='ocrx_word' id='word_1_114' title='bbox 558 1612 628 1652; x_wconf 87' lang='lat' dir='ltr'><strong>sum</strong></span> <span class='ocrx_word' id='word_1_115' title='bbox 653 1612 870 1675; x_wconf 60' lang='lat' dir='ltr'><strong>congressus.⁴</strong></span> <span class='ocrx_word' id='word_1_116' title='bbox 894 1595 965 1654; x_wconf 91' lang='lat' dir='ltr'><strong>Non</strong></span> <span class='ocrx_word' id='word_1_117' title='bbox 987 1593 1083 1652; x_wconf 90' lang='lat' dir='ltr'><strong>enim.</strong></span> 
     </span>
    </p>

    <p class='ocr_par' dir='ltr' id='par_1_6' title="bbox 107 1671 1071 1831">
     <span class='ocr_line' id='line_1_16' title="bbox 108 1671 1069 1755; baseline -0.001 -24"><span class='ocrx_word' id='word_1_118' title='bbox 108 1691 181 1731; x_wconf 90' lang='lat' dir='ltr'><strong>cum</strong></span> <span class='ocrx_word' id='word_1_119' title='bbox 249 1692 366 1755; x_wconf 84' lang='lat' dir='ltr'><strong>equam</strong></span> <span class='ocrx_word' id='word_1_120' title='bbox 385 1689 472 1730; x_wconf 81' lang='lat' dir='ltr'><strong>arma</strong></span> <span class='ocrx_word' id='word_1_121' title='bbox 493 1672 632 1747; x_wconf 89' lang='lat' dir='ltr'><strong>contuli,</strong></span> <span class='ocrx_word' id='word_1_122' title='bbox 653 1673 731 1754; x_wconf 89' lang='lat' dir='ltr'><strong>quin</strong></span> <span class='ocrx_word' id='word_1_123' title='bbox 751 1673 777 1732; x_wconf 91' lang='lat' dir='ltr'><strong>is</strong></span> <span class='ocrx_word' id='word_1_124' title='bbox 798 1672 875 1732; x_wconf 90' lang='lat' dir='ltr'><strong>mihi</strong></span> <span class='ocrx_word' id='word_1_125' title='bbox 893 1671 1069 1732; x_wconf 85' lang='lat' dir='ltr'><strong>succubue-</strong></span> 
     </span>
     <span class='ocr_line' id='line_1_17' title="bbox 107 1693 1071 1831; baseline -0.001 -21"><span class='ocrx_word' id='word_1_126' title='bbox 107 1751 158 1810; x_wconf 84' lang='lat' dir='ltr'><strong>rit.</strong></span> <span class='ocrx_word' id='word_1_127' title='bbox 199 1693 270 1811; x_wconf 67' lang='lat' dir='ltr'><strong>iidn</strong></span> <span class='ocrx_word' id='word_1_128' title='bbox 290 1750 374 1811; x_wconf 92' lang='lat' dir='ltr'><strong>enim</strong></span> <span class='ocrx_word' id='word_1_129' title='bbox 393 1749 513 1810; x_wconf 73' lang='lat' dir='ltr'><strong>vistu&#39;te</strong></span> <span class='ocrx_word' id='word_1_130' title='bbox 533 1749 687 1828; x_wconf 86' lang='lat' dir='ltr'><strong>hostium,</strong></span> <span class='ocrx_word' id='word_1_131' title='bbox 711 1751 769 1810; x_wconf 86' lang='lat' dir='ltr'><strong>sed</strong></span> <span class='ocrx_word' id='word_1_132' title='bbox 788 1751 961 1812; x_wconf 77' lang='lat' dir='ltr'><strong>amicorum</strong></span> <span class='ocrx_word' id='word_1_133' title='bbox 976 1748 1071 1831; x_wconf 83' lang='lat' dir='ltr'><strong>perii-</strong></span> 
     </span>
    </p>
   </div>
   <div class='ocr_carea' id='block_1_3' title="bbox 107 1828 1073 1922">
    <p class='ocr_par' dir='ltr' id='par_1_7' title="bbox 107 1828 1073 1922">
     <span class='ocr_line' id='line_1_18' title="bbox 107 1828 1073 1922; baseline -0.001 -34"><span class='ocrx_word' id='word_1_134' title='bbox 107 1831 159 1890; x_wconf 85' lang='lat' dir='ltr'><strong>dia</strong></span> <span class='ocrx_word' id='word_1_135' title='bbox 179 1829 294 1890; x_wconf 85' lang='lat' dir='ltr'><strong>decidi.</strong></span> <span class='ocrx_word' id='word_1_136' title='bbox 335 1829 462 1910; x_wconf 87' lang='lat' dir='ltr'><strong>[Neque</strong></span> <span class='ocrx_word' id='word_1_137' title='bbox 483 1828 516 1887; x_wconf 92' lang='lat' dir='ltr'><strong>id</strong></span> <span class='ocrx_word' id='word_1_138' title='bbox 536 1829 663 1889; x_wconf 86' lang='lat' dir='ltr'><strong>I&#39;aisum.</strong></span> <span class='ocrx_word' id='word_1_139' title='bbox 687 1833 767 1890; x_wconf 87' lang='lat' dir='ltr'><strong>Nam</strong></span> <span class='ocrx_word' id='word_1_140' title='bbox 790 1841 823 1888; x_wconf 88' lang='lat' dir='ltr'><strong>et</strong></span> <span class='ocrx_word' id='word_1_141' title='bbox 838 1829 990 1922; x_wconf 72' lang='lat' dir='ltr'><strong>dignitate</strong></span> <span class='ocrx_word' id='word_1_142' title='bbox 1011 1829 1073 1888; x_wconf 87' lang='lat' dir='ltr'><strong>I&#39;uit</strong></span> 
     </span>
    </p>
   </div>
   <div class='ocr_carea' id='block_1_4' title="bbox 105 1905 1165 3108">
    <p class='ocr_par' dir='ltr' id='par_1_8' title="bbox 106 1905 1073 2072">
     <span class='ocr_line' id='line_1_19' title="bbox 106 1905 1073 1986; baseline -0.003 -18"><span class='ocrx_word' id='word_1_143' title='bbox 106 1908 259 1986; x_wconf 84' lang='lat' dir='ltr'><strong>honesta,</strong></span> <span class='ocrx_word' id='word_1_144' title='bbox 282 1923 315 1970; x_wconf 89' lang='lat' dir='ltr'><strong>et</strong></span> <span class='ocrx_word' id='word_1_145' title='bbox 331 1907 452 1968; x_wconf 87' lang='lat' dir='ltr'><strong>viribus</strong></span> <span class='ocrx_word' id='word_1_146' title='bbox 473 1905 513 1986; x_wconf 84' lang='lat' dir='ltr'><strong>ad</strong></span> <span class='ocrx_word' id='word_1_147' title='bbox 530 1906 677 1968; x_wconf 88' lang='lat' dir='ltr'><strong>laborem</strong></span> <span class='ocrx_word' id='word_1_148' title='bbox 695 1908 866 1969; x_wconf 87' lang='lat' dir='ltr'><strong>ferendum</strong></span> <span class='ocrx_word' id='word_1_149' title='bbox 883 1907 999 1981; x_wconf 75' lang='lat' dir='ltr'><strong>firmis,</strong></span> <span class='ocrx_word' id='word_1_150' title='bbox 1019 1927 1073 1966; x_wconf 86' lang='lat' dir='ltr'><strong>ne-</strong></span> 
     </span>
     <span class='ocr_line' id='line_1_20' title="bbox 107 1985 993 2072; baseline -0.002 -26"><span class='ocrx_word' id='word_1_151' title='bbox 107 2009 173 2072; x_wconf 90' lang='lat' dir='ltr'><strong>que</strong></span> <span class='ocrx_word' id='word_1_152' title='bbox 195 2000 259 2047; x_wconf 86' lang='lat' dir='ltr'><strong>tam</strong></span> <span class='ocrx_word' id='word_1_153' title='bbox 282 2005 397 2068; x_wconf 79' lang='lat' dir='ltr'><strong>magno</strong></span> <span class='ocrx_word' id='word_1_154' title='bbox 417 1990 576 2066; x_wconf 80' lang='lat' dir='ltr'><strong>corpore,</strong></span> <span class='ocrx_word' id='word_1_155' title='bbox 599 2008 693 2069; x_wconf 90' lang='lat' dir='ltr'><strong>quam</strong></span> <span class='ocrx_word' id='word_1_156' title='bbox 712 1985 814 2069; x_wconf 79' lang='lat' dir='ltr'><strong>figure</strong></span> <span class='ocrx_word' id='word_1_157' title='bbox 837 1987 993 2068; x_wconf 80' lang='lat' dir='ltr'><strong>venusta]</strong></span> 
     </span>
    </p>

    <p class='ocr_par' dir='ltr' id='par_1_9' title="bbox 107 2065 1116 2706">
     <span class='ocr_line' id='line_1_21' title="bbox 188 2065 1110 2207; baseline -0.004 -79"><span class='ocrx_word' id='word_1_158' title='bbox 188 2069 255 2148; x_wconf 84' lang='lat' dir='ltr'><strong>XII.</strong></span> <span class='ocrx_word' id='word_1_159' title='bbox 272 2069 335 2137; x_wconf 11' lang='lat' dir='ltr'><strong>,De</strong></span> <span class='ocrx_word' id='word_1_160' title='bbox 356 2067 418 2126; x_wconf 90' lang='lat' dir='ltr'><strong>hoc</strong></span> <span class='ocrx_word' id='word_1_161' title='bbox 442 2065 621 2148; x_wconf 79' lang='lat' dir='ltr'><strong>Antigonus</strong></span> <span class='ocrx_word' id='word_1_162' title='bbox 646 2086 747 2207; x_wconf 87' lang='lat' dir='ltr'><strong>quum</strong></span> <span class='ocrx_word' id='word_1_163' title='bbox 768 2067 856 2128; x_wconf 86' lang='lat' dir='ltr'><strong>solus</strong></span> <span class='ocrx_word' id='word_1_164' title='bbox 872 2067 1073 2128; x_wconf 79' lang='lat' dir='ltr'><strong>constituere</strong></span> <span class='ocrx_word' id='word_1_165' title='bbox 1099 2089 1110 2124; x_wconf 84' lang='lat'>1</span> 
     </span>
     <span class='ocr_line' id='line_1_22' title="bbox 107 2145 1074 2230; baseline 0 -22"><span class='ocrx_word' id='word_1_166' title='bbox 107 2168 171 2208; x_wconf 91' lang='lat' dir='ltr'><strong>non</strong></span> <span class='ocrx_word' id='word_1_167' title='bbox 186 2149 330 2226; x_wconf 84' lang='lat' dir='ltr'><strong>auderet,</strong></span> <span class='ocrx_word' id='word_1_168' title='bbox 344 2147 384 2208; x_wconf 85' lang='lat' dir='ltr'><strong>ad</strong></span> <span class='ocrx_word' id='word_1_169' title='bbox 402 2147 570 2208; x_wconf 86' lang='lat' dir='ltr'><strong>consilium</strong></span> <span class='ocrx_word' id='word_1_170' title='bbox 585 2159 658 2208; x_wconf 88' lang='lat' dir='ltr'><strong>retu</strong></span> <span class='ocrx_word' id='word_1_171' title='bbox 672 2149 706 2209; x_wconf 87' lang='lat' dir='ltr'><strong>it.</strong></span> <span class='ocrx_word' id='word_1_172' title='bbox 731 2148 792 2206; x_wconf 90' lang='lat' dir='ltr'><strong>Hic</strong></span> <span class='ocrx_word' id='word_1_173' title='bbox 807 2168 905 2230; x_wconf 90' lang='lat' dir='ltr'><strong>quum</strong></span> <span class='ocrx_word' id='word_1_174' title='bbox 921 2145 951 2225; x_wconf 66' lang='grc' dir='ltr'><strong>ί))</strong></span> <span class='ocrx_word' id='word_1_175' title='bbox 969 2147 1074 2228; x_wconf 84' lang='lat' dir='ltr'><strong>primo</strong></span> 
     </span>
     <span class='ocr_line' id='line_1_23' title="bbox 107 2227 1075 2308; baseline 0 -20"><span class='ocrx_word' id='word_1_176' title='bbox 107 2229 290 2308; x_wconf 82' lang='lat' dir='ltr'><strong>perturbati</strong></span> <span class='ocrx_word' id='word_1_177' title='bbox 304 2227 556 2302; x_wconf 80' lang='lat' dir='ltr'><strong>admirarentur,</strong></span> <span class='ocrx_word' id='word_1_178' title='bbox 577 2247 641 2288; x_wconf 91' lang='lat' dir='ltr'><strong>non</strong></span> <span class='ocrx_word' id='word_1_179' title='bbox 655 2229 717 2290; x_wconf 88' lang='lat' dir='ltr'><strong>iam</strong></span> <span class='ocrx_word' id='word_1_180' title='bbox 733 2228 774 2288; x_wconf 90' lang='lat' dir='ltr'><strong>de</strong></span> <span class='ocrx_word' id='word_1_181' title='bbox 791 2247 830 2288; x_wconf 88' lang='lat' dir='ltr'><strong>eo</strong></span> <span class='ocrx_word' id='word_1_182' title='bbox 851 2238 989 2287; x_wconf 83' lang='lat' dir='ltr'><strong>sumtum</strong></span> <span class='ocrx_word' id='word_1_183' title='bbox 1002 2247 1075 2288; x_wconf 88' lang='lat' dir='ltr'><strong>esse</strong></span> 
     </span>
     <span class='ocr_line' id='line_1_24' title="bbox 108 2307 1075 2391; baseline 0.001 -25"><span class='ocrx_word' id='word_1_184' title='bbox 108 2307 319 2388; x_wconf 88' lang='lat' dir='ltr'><strong>supplicium,</strong></span> <span class='ocrx_word' id='word_1_185' title='bbox 339 2329 357 2368; x_wconf 86' lang='lat' dir='ltr'><strong>a</strong></span> <span class='ocrx_word' id='word_1_186' title='bbox 379 2326 443 2391; x_wconf 87' lang='lat' dir='ltr'><strong>quo</strong></span> <span class='ocrx_word' id='word_1_187' title='bbox 458 2319 508 2368; x_wconf 90' lang='lat' dir='ltr'><strong>tot</strong></span> <span class='ocrx_word' id='word_1_188' title='bbox 530 2327 627 2370; x_wconf 86' lang='lat' dir='ltr'><strong>annos</strong></span> <span class='ocrx_word' id='word_1_189' title='bbox 649 2309 731 2371; x_wconf 85' lang='lat' dir='ltr'><strong>adeo</strong></span> <span class='ocrx_word' id='word_1_190' title='bbox 750 2319 855 2370; x_wconf 79' lang='lat' dir='ltr'><strong>essent</strong></span> <span class='ocrx_word' id='word_1_191' title='bbox 868 2307 949 2367; x_wconf 89' lang='lat' dir='ltr'><strong>male</strong></span> <span class='ocrx_word' id='word_1_192' title='bbox 964 2307 1075 2386; x_wconf 84' lang='lat' dir='ltr'><strong>habiti,</strong></span> 
     </span>
     <span class='ocr_line' id='line_1_25' title="bbox 107 2387 1100 2482; baseline 0.004 -36"><span class='ocrx_word' id='word_1_193' title='bbox 107 2399 145 2446; x_wconf 92' lang='lat' dir='ltr'><strong>ut</strong></span> <span class='ocrx_word' id='word_1_194' title='bbox 167 2409 262 2468; x_wconf 87' lang='lat' dir='ltr'><strong>saepe</strong></span> <span class='ocrx_word' id='word_1_195' title='bbox 296 2388 335 2448; x_wconf 84' lang='lat' dir='ltr'><strong>ad</strong></span> <span class='ocrx_word' id='word_1_196' title='bbox 357 2387 613 2482; x_wconf 77' lang='lat' dir='ltr'><strong>desperationem</strong></span> <span class='ocrx_word' id='word_1_197' title='bbox 644 2387 753 2450; x_wconf 83' lang='lat' dir='ltr'><strong>forent</strong></span> <span class='ocrx_word' id='word_1_198' title='bbox 778 2387 923 2464; x_wconf 86' lang='lat' dir='ltr'><strong>adducti3</strong></span> <span class='ocrx_word' id='word_1_199' title='bbox 953 2387 1100 2470; x_wconf 78' lang='lat' dir='ltr'><strong>quique.&#39;</strong></span> 
     </span>
     <span class='ocr_line' id='line_1_26' title="bbox 107 2467 1116 2552; baseline -0.002 -26"><span class='ocrx_word' id='word_1_200' title='bbox 107 2468 260 2533; x_wconf 84' lang='lat' dir='ltr'><strong>maximos</strong></span> <span class='ocrx_word' id='word_1_201' title='bbox 289 2467 387 2528; x_wconf 88' lang='lat' dir='ltr'><strong>duces</strong></span> <span class='ocrx_word' id='word_1_202' title='bbox 417 2468 652 2544; x_wconf 70' lang='lat' dir='ltr'><strong>interfecisset,</strong></span> <span class='ocrx_word' id='word_1_203' title='bbox 689 2470 827 2552; x_wconf 85' lang='lat' dir='ltr'><strong>denique</strong></span> <span class='ocrx_word' id='word_1_204' title='bbox 857 2467 888 2527; x_wconf 89' lang='lat' dir='ltr'><strong>in</strong></span> <span class='ocrx_word' id='word_1_205' title='bbox 916 2485 982 2548; x_wconf 88' lang='lat' dir='ltr'><strong>quo</strong></span> <span class='ocrx_word' id='word_1_206' title='bbox 1010 2487 1074 2526; x_wconf 90' lang='lat' dir='ltr'><strong>une</strong></span> <span class='ocrx_word' id='word_1_207' title='bbox 1096 2486 1116 2524; x_wconf 82' lang='lat' dir='ltr'><strong>n</strong></span> 
     </span>
     <span class='ocr_line' id='line_1_27' title="bbox 109 2547 1075 2628; baseline 0.002 -22"><span class='ocrx_word' id='word_1_208' title='bbox 109 2557 196 2608; x_wconf 87' lang='lat' dir='ltr'><strong>esset</strong></span> <span class='ocrx_word' id='word_1_209' title='bbox 212 2557 349 2620; x_wconf 83' lang='lat' dir='ltr'><strong>tantum,</strong></span> <span class='ocrx_word' id='word_1_210' title='bbox 370 2556 423 2618; x_wconf 89' lang='lat' dir='ltr'><strong>ut,</strong></span> <span class='ocrx_word' id='word_1_211' title='bbox 448 2547 555 2628; x_wconf 87' lang='lat' dir='ltr'><strong>quoad</strong></span> <span class='ocrx_word' id='word_1_212' title='bbox 568 2547 622 2607; x_wconf 88' lang='lat' dir='ltr'><strong>ille</strong></span> <span class='ocrx_word' id='word_1_213' title='bbox 637 2549 782 2624; x_wconf 79' lang='lat' dir='ltr'><strong>viveret,</strong></span> <span class='ocrx_word' id='word_1_214' title='bbox 803 2548 863 2628; x_wconf 91' lang='lat' dir='ltr'><strong>ipsi</strong></span> <span class='ocrx_word' id='word_1_215' title='bbox 880 2547 986 2608; x_wconf 89' lang='lat' dir='ltr'><strong>securi</strong></span> <span class='ocrx_word' id='word_1_216' title='bbox 1004 2565 1075 2608; x_wconf 89' lang='lat' dir='ltr'><strong>esse</strong></span> 
     </span>
     <span class='ocr_line' id='line_1_28' title="bbox 108 2623 1075 2706; baseline 0.003 -22"><span class='ocrx_word' id='word_1_217' title='bbox 108 2647 171 2686; x_wconf 93' lang='lat' dir='ltr'><strong>non</strong></span> <span class='ocrx_word' id='word_1_218' title='bbox 186 2635 333 2705; x_wconf 86' lang='lat' dir='ltr'><strong>possent,</strong></span> <span class='ocrx_word' id='word_1_219' title='bbox 349 2623 541 2700; x_wconf 77' lang='lat' dir='ltr'><strong>interfecto,</strong></span> <span class='ocrx_word' id='word_1_220' title='bbox 563 2625 642 2686; x_wconf 88' lang='lat' dir='ltr'><strong>nihil</strong></span> <span class='ocrx_word' id='word_1_221' title='bbox 658 2627 799 2688; x_wconf 86' lang='lat' dir='ltr'><strong>habituri</strong></span> <span class='ocrx_word' id='word_1_222' title='bbox 813 2626 935 2706; x_wconf 79' lang='lat' dir='ltr'><strong>negotii</strong></span> <span class='ocrx_word' id='word_1_223' title='bbox 955 2639 1075 2686; x_wconf 85' lang='lat' dir='ltr'><strong>essent:</strong></span> 
     </span>
    </p>

    <p class='ocr_par' dir='ltr' id='par_1_10' title="bbox 105 2703 1165 3108">
     <span class='ocr_line' id='line_1_29' title="bbox 105 2703 1077 2787; baseline 0.001 -24"><span class='ocrx_word' id='word_1_224' title='bbox 105 2719 106 2722; x_wconf 73' lang='grc'>’</span> <span class='ocrx_word' id='word_1_225' title='bbox 134 2717 276 2764; x_wconf 86' lang='lat' dir='ltr'><strong>ostremo</strong></span> <span class='ocrx_word' id='word_1_226' title='bbox 298 2703 325 2762; x_wconf 87' lang='lat' dir='ltr'><strong>si</strong></span> <span class='ocrx_word' id='word_1_227' title='bbox 346 2703 392 2762; x_wconf 89' lang='lat' dir='ltr'><strong>illi</strong></span> <span class='ocrx_word' id='word_1_228' title='bbox 414 2703 569 2764; x_wconf 86' lang='lat' dir='ltr'><strong>redderet</strong></span> <span class='ocrx_word' id='word_1_229' title='bbox 597 2706 749 2779; x_wconf 84' lang='lat' dir='ltr'><strong>salutem,</strong></span> <span class='ocrx_word' id='word_1_230' title='bbox 772 2704 987 2787; x_wconf 86' lang='lat' dir='ltr'><strong>quaerebant,</strong></span> <span class='ocrx_word' id='word_1_231' title='bbox 1008 2706 1077 2787; x_wconf 90' lang='lat' dir='ltr'><strong>qui-</strong></span> 
     </span>
     <span class='ocr_line' id='line_1_30' title="bbox 108 2727 1093 2856; baseline 0.002 -12"><span class='ocrx_word' id='word_1_232' title='bbox 108 2727 170 2844; x_wconf 59' lang='lat' dir='ltr'><strong>Eus</strong></span> <span class='ocrx_word' id='word_1_233' title='bbox 199 2777 306 2844; x_wconf 88' lang='lat' dir='ltr'><strong>amicis</strong></span> <span class='ocrx_word' id='word_1_234' title='bbox 331 2793 417 2844; x_wconf 87' lang='lat' dir='ltr'><strong>esset</strong></span> <span class='ocrx_word' id='word_1_235' title='bbox 444 2782 584 2852; x_wconf 85' lang='lat' dir='ltr'><strong>usurus?</strong></span> <span class='ocrx_word' id='word_1_236' title='bbox 616 2802 695 2854; x_wconf 62' lang='lat' dir='ltr'><strong>sese,</strong></span> <span class='ocrx_word' id='word_1_237' title='bbox 719 2785 802 2846; x_wconf 91' lang='lat' dir='ltr'><strong>enim</strong></span> <span class='ocrx_word' id='word_1_238' title='bbox 831 2803 903 2844; x_wconf 89' lang='lat' dir='ltr'><strong>cum</strong></span> <span class='ocrx_word' id='word_1_239' title='bbox 932 2781 1093 2856; x_wconf 49' lang='lat' dir='ltr'><strong>Eumene,</strong></span> 
     </span>
     <span class='ocr_line' id='line_1_31' title="bbox 109 2849 1165 2944; baseline 0.006 -22"><span class='ocrx_word' id='word_1_240' title='bbox 109 2863 195 2944; x_wconf 89' lang='lat' dir='ltr'><strong>apud</strong></span> <span class='ocrx_word' id='word_1_241' title='bbox 216 2884 289 2922; x_wconf 91' lang='lat' dir='ltr'><strong>eum</strong></span> <span class='ocrx_word' id='word_1_242' title='bbox 309 2883 374 2922; x_wconf 90' lang='lat' dir='ltr'><strong>non</strong></span> <span class='ocrx_word' id='word_1_243' title='bbox 393 2861 532 2922; x_wconf 82' lang='lat' dir='ltr'><strong>futuros.</strong></span> <span class='ocrx_word' id='word_1_244' title='bbox 573 2862 653 2936; x_wconf 87' lang='lat' dir='ltr'><strong>Hic,</strong></span> <span class='ocrx_word' id='word_1_245' title='bbox 675 2883 712 2924; x_wconf 92' lang='lat' dir='ltr'><strong>co</strong></span> <span class='ocrx_word' id='word_1_246' title='bbox 760 2865 802 2924; x_wconf 87' lang='lat' dir='ltr'><strong>ita</strong></span> <span class='ocrx_word' id='word_1_247' title='bbox 822 2861 945 2924; x_wconf 88' lang='lat' dir='ltr'><strong>consilii</strong></span> <span class='ocrx_word' id='word_1_248' title='bbox 962 2864 1116 2928; x_wconf 63' lang='lat' dir='ltr'><strong>volun-&#39;3</strong></span> <span class='ocrx_word' id='word_1_249' title='bbox 1156 2849 1165 2878; x_wconf 68' lang='lat'>⁸</span> 
     </span>
     <span class='ocr_line' id='line_1_32' title="bbox 109 2941 1075 3024; baseline -0.001 -21"><span class='ocrx_word' id='word_1_250' title='bbox 109 2956 195 3021; x_wconf 85' lang='lat' dir='ltr'><strong>tate,</strong></span> <span class='ocrx_word' id='word_1_251' title='bbox 216 2956 321 3003; x_wconf 88' lang='lat' dir='ltr'><strong>tamen</strong></span> <span class='ocrx_word' id='word_1_252' title='bbox 344 2963 381 3000; x_wconf 92' lang='lat' dir='ltr'><strong>us</strong></span> <span class='ocrx_word' id='word_1_253' title='bbox 405 2961 446 3002; x_wconf 90' lang='lat' dir='ltr'><strong>ue</strong></span> <span class='ocrx_word' id='word_1_254' title='bbox 464 2941 510 3002; x_wconf 84' lang='lat' dir='ltr'><strong>ad</strong></span> <span class='ocrx_word' id='word_1_255' title='bbox 525 2943 697 3024; x_wconf 90' lang='lat' dir='ltr'><strong>septimum</strong></span> <span class='ocrx_word' id='word_1_256' title='bbox 739 2944 802 3004; x_wconf 89' lang='lat' dir='ltr'><strong>iem</strong></span> <span class='ocrx_word' id='word_1_257' title='bbox 823 2942 1021 3003; x_wconf 85' lang='lat' dir='ltr'><strong>deliberandi</strong></span> <span class='ocrx_word' id='word_1_258' title='bbox 1045 2942 1075 3023; x_wconf 92' lang='grc'><strong>7)</strong></span> 
     </span>
     <span class='ocr_line' id='line_1_33' title="bbox 111 2965 1077 3108; baseline 0.002 -26"><span class='ocrx_word' id='word_1_259' title='bbox 111 3023 172 3083; x_wconf 86' lang='lat' dir='ltr'><strong>sibi</strong></span> <span class='ocrx_word' id='word_1_260' title='bbox 193 3024 329 3104; x_wconf 84' lang='lat' dir='ltr'><strong>spatium</strong></span> <span class='ocrx_word' id='word_1_261' title='bbox 350 2965 491 3108; x_wconf 79' lang='lat' dir='ltr'><strong>reiiquit</strong></span> <span class='ocrx_word' id='word_1_262' title='bbox 533 3023 616 3082; x_wconf 82' lang='lat' dir='ltr'><strong>&#39;I&#39;um</strong></span> <span class='ocrx_word' id='word_1_263' title='bbox 638 3033 763 3100; x_wconf 82' lang='lat' dir='ltr'><strong>autem,</strong></span> <span class='ocrx_word' id='word_1_264' title='bbox 783 3041 883 3106; x_wconf 87' lang='lat' dir='ltr'><strong>quum</strong></span> <span class='ocrx_word' id='word_1_265' title='bbox 903 3022 964 3084; x_wconf 86' lang='lat' dir='ltr'><strong>ism</strong></span> <span class='ocrx_word' id='word_1_266' title='bbox 985 3041 1077 3085; x_wconf 82' lang='lat' dir='ltr'><strong>vere-</strong></span> 
     </span>
    </p>
   </div>
   <div class='ocr_carea' id='block_1_5' title="bbox 113 3161 308 3179">
    <p class='ocr_par' dir='ltr' id='par_1_11' title="bbox 113 3161 308 3179">
     <span class='ocr_line' id='line_1_34' title="bbox 113 3161 308 3179; baseline 0 0"><span class='ocrx_word' id='word_1_267' title='bbox 113 3161 308 3179; x_wconf 61' lang='lat' dir='ltr'><strong>*w—-a-——u-</strong></span> 
     </span>
    </p>
   </div>
   <div class='ocr_carea' id='block_1_6' title="bbox 100 3234 1077 3583">
    <p class='ocr_par' dir='ltr' id='par_1_12' title="bbox 100 3234 1077 3583">
     <span class='ocr_line' id='line_1_35' title="bbox 164 3234 1077 3306; baseline -0.008 -15"><span class='ocrx_word' id='word_1_268' title='bbox 164 3238 192 3306; x_wconf 84' lang='lat'><strong>5)</strong></span> <span class='ocrx_word' id='word_1_269' title='bbox 211 3241 290 3306; x_wconf 78' lang='lat' dir='ltr'><strong>vulgo</strong></span> <span class='ocrx_word' id='word_1_270' title='bbox 309 3239 482 3301; x_wconf 70' lang='lat' dir='ltr'><strong>densaretur,</strong></span> <span class='ocrx_word' id='word_1_271' title='bbox 503 3238 602 3289; x_wconf 77' lang='lat' dir='ltr'><strong>emisse</strong></span> <span class='ocrx_word' id='word_1_272' title='bbox 620 3237 782 3304; x_wconf 83' lang='lat' dir='ltr'><strong>pronomine</strong></span> <span class='ocrx_word' id='word_1_273' title='bbox 801 3246 837 3284; x_wconf 77' lang='lat' dir='ltr'><strong>set</strong></span> <span class='ocrx_word' id='word_1_274' title='bbox 871 3234 995 3286; x_wconf 84' lang='lat' dir='ltr'><strong>Nostram</strong></span> <span class='ocrx_word' id='word_1_275' title='bbox 1010 3235 1077 3288; x_wconf 82' lang='lat' dir='ltr'><strong>seri-</strong></span> 
     </span>
     <span class='ocr_line' id='line_1_36' title="bbox 111 3303 1076 3428; baseline 0 -72"><span class='ocrx_word' id='word_1_276' title='bbox 111 3310 385 3428; x_wconf 45' lang='lat' dir='ltr'><strong>pnqpmequnsspqpbt</strong></span> <span class='ocrx_word' id='word_1_277' title='bbox 400 3311 556 3376; x_wconf 85' lang='lat' dir='ltr'><strong>receperat,</strong></span> <span class='ocrx_word' id='word_1_278' title='bbox 569 3315 649 3373; x_wconf 84' lang='lat' dir='ltr'><strong>atque</strong></span> <span class='ocrx_word' id='word_1_279' title='bbox 666 3305 765 3371; x_wconf 78' lang='lat' dir='ltr'><strong>legitur</strong></span> <span class='ocrx_word' id='word_1_280' title='bbox 778 3303 872 3356; x_wconf 85' lang='lat' dir='ltr'><strong>eadem</strong></span> <span class='ocrx_word' id='word_1_281' title='bbox 884 3305 911 3354; x_wconf 87' lang='lat' dir='ltr'><strong>iu</strong></span> <span class='ocrx_word' id='word_1_282' title='bbox 922 3303 986 3358; x_wconf 86' lang='lat' dir='ltr'><strong>cod.</strong></span> <span class='ocrx_word' id='word_1_283' title='bbox 998 3305 1076 3356; x_wconf 84' lang='lat' dir='ltr'><strong>Voss.</strong></span> 
     </span>
     <span class='ocr_line' id='line_1_37' title="bbox 100 3439 1076 3512; baseline -0.005 -17"><span class='ocrx_word' id='word_1_284' title='bbox 100 3449 102 3454; x_wconf 86' lang='lat'>&#39;</span> <span class='ocrx_word' id='word_1_285' title='bbox 163 3444 192 3512; x_wconf 87' lang='grc'><strong>6)</strong></span> <span class='ocrx_word' id='word_1_286' title='bbox 213 3447 281 3497; x_wconf 85' lang='lat' dir='ltr'><strong>Cod.</strong></span> <span class='ocrx_word' id='word_1_287' title='bbox 298 3449 373 3498; x_wconf 86' lang='lat' dir='ltr'><strong>Voss.</strong></span> <span class='ocrx_word' id='word_1_288' title='bbox 387 3447 415 3496; x_wconf 83' lang='lat' dir='ltr'><strong>B.</strong></span> <span class='ocrx_word' id='word_1_289' title='bbox 428 3445 522 3496; x_wconf 85' lang='lat' dir='ltr'><strong>addit:</strong></span> <span class='ocrx_word' id='word_1_290' title='bbox 540 3443 666 3512; x_wconf 81' lang='lat' dir='ltr'><strong>plerique</strong></span> <span class='ocrx_word' id='word_1_291' title='bbox 679 3457 783 3502; x_wconf 77' lang='lat' dir='ltr'><strong>omnes,</strong></span> <span class='ocrx_word' id='word_1_292' title='bbox 801 3441 876 3509; x_wconf 87' lang='lat' dir='ltr'><strong>quod</strong></span> <span class='ocrx_word' id='word_1_293' title='bbox 886 3441 979 3492; x_wconf 83' lang='lat' dir='ltr'><strong>Lumb.</strong></span> <span class='ocrx_word' id='word_1_294' title='bbox 991 3439 1076 3492; x_wconf 83' lang='lat' dir='ltr'><strong>Brem.</strong></span> 
     </span>
     <span class='ocr_line' id='line_1_38' title="bbox 111 3508 1077 3583; baseline -0.009 -17"><span class='ocrx_word' id='word_1_295' title='bbox 111 3515 215 3566; x_wconf 78' lang='lat' dir='ltr'><strong>Daeiin.</strong></span> <span class='ocrx_word' id='word_1_296' title='bbox 231 3517 266 3566; x_wconf 84' lang='lat' dir='ltr'><strong>al.</strong></span> <span class='ocrx_word' id='word_1_297' title='bbox 284 3523 458 3583; x_wconf 77' lang='lat' dir='ltr'><strong>receperunt.</strong></span> <span class='ocrx_word' id='word_1_298' title='bbox 475 3534 509 3554; x_wconf 84' lang='lat'><strong>—·</strong></span> <span class='ocrx_word' id='word_1_299' title='bbox 529 3511 555 3580; x_wconf 83' lang='lat'><strong>7)</strong></span> <span class='ocrx_word' id='word_1_300' title='bbox 574 3513 623 3567; x_wconf 86' lang='lat' dir='ltr'><strong>Ax.</strong></span> <span class='ocrx_word' id='word_1_301' title='bbox 641 3510 732 3562; x_wconf 87' lang='lat' dir='ltr'><strong>Bcecl.</strong></span> <span class='ocrx_word' id='word_1_302' title='bbox 752 3509 829 3562; x_wconf 78' lang='lat' dir='ltr'><strong>Voss.</strong></span> <span class='ocrx_word' id='word_1_303' title='bbox 845 3509 873 3561; x_wconf 83' lang='lat' dir='ltr'><strong>B.</strong></span> <span class='ocrx_word' id='word_1_304' title='bbox 888 3508 1077 3562; x_wconf 75' lang='lat' dir='ltr'><strong>delr&#39;hcrnndo.</strong></span> 
     </span>
    </p>
   </div>
   <div class='ocr_carea' id='block_1_7' title="bbox 0 0 1295 3872">
    <p class='ocr_par' dir='ltr' id='par_1_13' title="bbox 0 0 1295 3872">
     <span class='ocr_line' id='line_1_39' title="bbox 0 0 1295 3872; baseline 0 0"><span class='ocrx_word' id='word_1_305' title='bbox 0 0 1295 3872; x_wconf 95' lang='lat' dir='ltr'><strong> </strong></span> 
     </span>
    </p>
   </div>
  </div>
 </body>
</html>
