2524 3872
400 357 481 423 Vlll.
502 377 742 428 rrauassauaus.
770 383 796 426 ι.

557 591 639 658 vni.

404 715 792 807 unaasreouua

555 861 646 885 f--v

471 957 727 1018 ARGUMENTUM.

184 1092 249 1161 Cap.
266 1093 287 1144 l.
316 1093 499 1162 Thrasybulus
517 1094 569 1144 iam
590 1103 667 1150 antea
687 1097 790 1162 optime
808 1093 843 1148 de
882 1097 949 1147 atria
966 1099 1076 1153 meritus

109 1161 224 1226 triginta
242 1170 368 1234 tyrannos
386 1163 522 1228 expellere
550 1171 671 1212 conatur.
697 1191 730 1204 -
754 1164 787 1220 ll.
807 1164 846 1214 Ea
862 1113 946 1232 ilyte
965 1167 1076 1220 castello

111 1246 176 1281 eum
196 1230 288 1293 exigua
307 1245 385 1280 manu
399 1244 557 1297 progressus
567 1229 737 1299 Munychiam
751 1239 884 1298 occupat,
901 1240 1076 1298 tyrannorum

108 1297 206 1362 copias
222 1295 328 1348 duobus
346 1297 455 1363 proeliis
474 1296 548 1360 fugat
567 1295 628 1362 (403
644 1313 668 1346 a.
683 1295 746 1346 Chr.
759 1297 807 1364 n,),
825 1325 860 1336 -
877 1299 924 1354 111.
942 1299 1075 1350 Reconci-

108 1363 179 1417 liata
197 1379 265 1428 paee
282 1365 369 1427 legem
389 1363 531 1414 oblivionis
547 1365 619 1412 tulit.
638 1389 672 1402 ·-
695 1364 742 1418 IV.
762 1365 850 1428 Quum
870 1381 952 1432 parve
972 1365 1076 1422 honore

110 1437 258 1480 contentus
287 1430 449 1497 aliquamdiu
475 1429 585 1488 Athenis
610 1431 730 1493 vixisset,
763 1440 873 1498 praessar
897 1435 925 1484 ln
954 1431 1077 1487 Ciliciam
1099 1435 1107 1442 '

108 1497 207 1546 missus
225 1497 316 1564 ibique
334 1499 488 1550 interiectus
507 1507 548 1550 est
568 1496 631 1565 (390
647 1515 672 1557 a,
692 1497 755 1554 Chr·
776 1497 825 1567 ω),

193 1642 216 1700 l.
238 1643 493 1720 Tnaasruunus,
514 1643 591 1723 Lyci
610 1643 711 1720 filius,
730 1643 938 1710 Atheniensis,
960 1643 994 1718 si
1015 1635 1076 1725 par
1100 1669 1112 1706 ι

110 1739 150 1780 se
166 1720 265 1782 virtus
280 1721 347 1786 sine
356 1721 487 1784 fortuna
501 1723 707 1802 ponderanda
721 1723 777 1799 sit,
792 1725 921 1798 dubito,
939 1745 978 1782 en
991 1723 1075 1785 hune

107 1799 252 1936 yyrimum
272 1800 411 1860 omnium
431 1820 556 1878 ponam.
595 1799 678 1859 Illud
699 1801 765 1858 sine
782 1801 897 1868 dubio:
919 1801 1077 1866 neminem
1106 1827 1109 1834 ¹

137 1879 197 1967 uie,
210 1876 363 1957 praefero
379 1876 461 1949 fide,
482 1878 673 1954 constantia,
692 1877 909 1956 magnitudine
924 1877 1028 1952 animi,
1044 1878 1076 1942 ia

106 1965 249 2036 patriam
278 1973 396 2015 amore.
437 1955 516 2012 Nam
544 1955 632 2036 quod
650 1954 748 2015 multi
773 1955 963 2028 voluerunt,
983 1954 1114 2033 paneis
1218 2023 1220 2028 A

106 2043 306 2114 potuerunt,
335 2033 374 2094 ab
396 2053 460 2098 uno
487 2045 620 2112 tyranno
648 2032 783 2114 patriam
812 2031 971 2108 liberare;
1000 2031 1075 2094 huie

109 2111 264 2193 contigit,
289 2124 326 2172 ut
350 2135 367 2172 a
389 2112 518 2194 triginta
542 2132 729 2194 oppressam
751 2111 887 2192 tyraams
912 2131 951 2170 ex
975 2111 1074 2176 servi,

105 2203 181 2263 tute
194 2191 226 2258 ia
239 2191 419 2258 libertatem
435 2191 620 2258 vindicaret,
654 2191 737 2268 Sed,
756 2191 863 2258 nescio
885 2213 950 2273 quo
965 2190 1073 2265 mado,
1094 2187 1114 2251 3

107 2291 210 2351 quum
233 2290 305 2330 eum
325 2292 419 2332 nemo
438 2272 575 2338 anteiret
590 2271 638 2334 his
655 2271 834 2345 virtutibus,
855 2271 947 2332 multi
960 2269 1075 2336 nobili-

33 2408 36 2413 ,
106 2359 177 2412 tate
191 2363 450 2428 praeourueruat.
471 2351 614 2410 Primum
624 2350 860 2430 Peloponnesio
875 2349 961 2413 bello
976 2350 1075 2410 multa

105 2427 162 2486 hic
184 2428 258 2494 sine·
273 2427 439 2488 Alcibiade
462 2429 577 2510 gessit,
602 2429 656 2489 ille
678 2429 795 2490 nullam
816 2447 884 2490 rem
907 2428 974 2488 sine
996 2426 1073 2486 hoe:

112 2581 114 2584 .
134 2525 195 2568 uae
216 2506 271 2570 ilie
292 2507 440 2572 universa
460 2507 595 2578 naturali
615 2509 859 2590 quodambono
881 2507 961 2566 feeit
981 2505 1073 2571 lucri.

107 2527 177 2644 god
196 2584 249 2642 ilia
270 2597 374 2644 tamen
399 2586 503 2646 omnia
528 2587 704 2646 communia
728 2585 975 2665 imperatoribus
1000 2592 1114 2653 curali

10 2657 14 2666 ’
29 2665 35 2687 '¹
108 2662 261 2728 militibus
279 2675 311 2722 et
325 2663 472 2739 fortuna,
495 2664 582 2746 qued
595 2665 626 2724 in
640 2664 757 2745 proelii
772 2681 930 2724 concursu
942 2661 1006 2720 abit
1020 2680 1073 2720 res

107 2765 126 2802 a
152 2743 283 2801 consilio
306 2742 345 2801 ad
368 2742 451 2802 vires
475 2743 602 2824 vimque
623 2766 666 2823 pu
691 2741 840 2808 nantium,
857 2742 981 2822 'Itaque
1002 2739 1072 2796 iure

110 2841 169 2882 suo
191 2819 340 2880 nonnulla
362 2819 400 2880 ab
415 2821 609 2900 imperatore
626 2837 668 2890 mi
683 2842 734 2895 es,
754 2821 891 2912 plurima
906 2838 985 2886 ‚vero
1005 2815 1074 2874 i'or-

109 2912 185 2962 tunm
209 2900 362 2975 vindieat,
387 2921 486 2982 seque
510 2899 562 2958 hie
585 2900 657 2979 plus
683 2902 839 2974 valuisse,
863 2918 956 2978 quam
981 2893 1071 2954 ducis

109 2979 329 3059 prudentiam,
357 2999 436 3042 rere
464 2990 574 3058 potest
606 2977 803 3058 praedicare.
851 2977 960 3058 Quare
991 2971 1112 3033 illud5

110 3056 451 3138 magnificentissimum
469 3057 592 3118 factum
612 3057 778 3136 proprium
804 3066 853 3114 est
874 3051 1071 3137 Thrasybuli.
1128 3111 1133 3123 ,

109 3139 188 3199 Nam
203 3159 301 3218 quium
319 3137 448 3219 triginta
468 3136 608 3216 tyranni,
629 3133 806 3214 praepositi
827 3132 1071 3202 aLecedaemo-

65 3233 68 3236 ·
96 3215 178 3288 niis,
202 3215 357 3276 servitute
379 3236 547 3296 oppressas
568 3225 717 3273 tenerent
738 3211 894 3287 Athenas,
938 3210 1070 3270 lurimos

110 3295 214 3370 cives,
237 3294 351 3376 quibus
365 3295 396 3354 in
415 3295 502 3354 bello
517 3303 661 3374 parserat
675 3291 820 3366 fortuna,
839 3232 955 3372 partiin
969 3287 1071 3369 patria

112 3373 322 3454 expulissent,
342 3373 459 3458 partim
479 3371 732 3448 interfecissent,
755 3369 966 3458 plurimorum
987 3367 1071 3428 bona
