2564 3872
411 381 481 448 XV.
502 399 751 452 transuersae
775 381 853 447 Μ.
1074 383 1115 464 dp

152 559 266 681 pacem
285 540 374 602 hello
395 541 607 617 anteferrent,
626 562 667 609 ue
687 541 771 604 llllus
787 540 990 635 imperatorls
1014 562 1114 626 opem

174 618 398 684 asideraretur.
424 621 510 682 Huic
531 622 604 698 ille,
627 621 742 699 Fallls,
761 621 880 704 inquit,
901 619 1004 690 verbo
1027 621 1114 683 cives

151 710 242 776 tuos,
264 699 353 780 quod
365 699 424 762 hos
441 721 458 760 a
473 699 561 761 bello
576 719 705 766 avocas:
725 700 782 762 otii
797 700 879 761 enim
900 699 1027 763 nomine
1048 719 1115 760 ser·

150 779 285 849 vitutem
312 779 473 843 concilias.
512 781 592 839 Nam
618 779 743 871 paritur
773 799 837 866 pax·
862 779 963 849 bello,
1001 777 1154 870 ltaque4

150 856 265 940 quiea
286 853 405 927 diutina
426 856 541 919 volunt
560 857 645 933 11111,
668 856 757 918 bello
778 857 945 927 exercitati
969 877 1039 920 esse
1060 859 1116 918 de-

149 937 238 1000 hent.
260 933 370 1025 Quare
389 936 416 998 si
430 935 590 1027 principes
606 935 761 999 Graeciae
780 955 849 996 esse
870 937 983 1014 vultis,
1004 937 1115 1004 castris

150 1027 201 1080 est
219 1013 314 1082 vobis
332 1015 503 1090 utendum,
530 1035 593 1080 non
612 1015 781 1097 palaestra.
820 1014 908 1074 ldem
929 1017 985 1077 ille
1005 1018 1114 1077 Mene·
1134 1021 1154 1082 6

150 1092 249 1156 clidas
271 1113 369 1176 quum
391 1093 465 1154 lauic
485 1093 660 1171 obiiceret,
681 1093 771 1184 quod
791 1093 911 1161 liberos
933 1114 998 1166 non
1013 1094 1114 1156 habe·

148 1183 215 1248 ret,
235 1193 275 1232 ne
301 1193 340 1235 ue
362 1193 495 1238 uxorem
509 1173 670 1248 (1111111111
692 1173 892 1267 maximeque
906 1173 1114 1250 insolentiam,

149 1252 235 1338 quod
257 1195 317 1312 sili
328 1251 572 1334 Agamemnonis
592 1251 670 1314 belli
695 1251 829 1335 gloriam
850 1253 1018 1323 videretur
1039 1273 1114 1314 con-

149 1342 292 1392 secutus:
313 1342 359 1406 at,
382 1332 455 1408 ille,
470 1331 596 1407 desine,
611 1333 642 1392 in
668 1333 733 1409 uit,
748 1332 940 1408 Meneclida,
957 1332 997 1394 de
1012 1353 1114 1394 uxore

147 1410 224 1472 mihi
253 1410 467 1490 exprobrare:
495 1433 566 1473 nam
593 1354 710 1478 nullius
739 1411 772 1486 in
797 1412 856 1472 ista
876 1432 914 1474 re
934 1412 1037 1472 minus
1066 1411 1143 1471 uti·

149 1489 282 1552 consilio
308 1500 397 1553 voto.
440 1491 604 1572 (Habebat
631 1491 714 1552 eninr
737 1489 932 1556 Meneclides
960 1489 1115 1572 suspicio·

147 1589 221 1630 nem
254 1569 426 1648 adulterii.)
475 1569 574 1710 (fiuod
609 1583 716 1642 autem
751 1589 804 1632 mo
843 1571 1155 1654 Agamemnonemo

148 1647 301 1708 aemulari
323 1659 431 1728 putas,
453 1648 485 1709 la
511 1649 585 1710 eris.
624 1651 770 1738 Namque
793 1648 849 1710 ille
871 1669 943 1710 cum
963 1648 1113 1711 universa

148 1726 284 1788 Graecia
315 1727 369 1790 rix
403 1727 515 1788 decem
542 1727 628 1790 annis
655 1747 751 1788 unam
777 1729 861 1808 cepit
887 1727 1018 1805 urbem3
1051 1747 1112 1809 ege

148 1817 261 1876 contra
289 1825 329 1866 ea
357 1803 389 1883 ἵ)
417 1827 480 1876 una
509 1805 592 1865 urbe
621 1817 731 1874 nostra
761 1803 878 1887 dieque
913 1825 977 1869 uno
1013 1816 1114 1874 totam

148 1881 332 1955 Graeciam,
352 1882 613 1945 Lacedaemoniis
633 1883 769 1964 l'ugatis,
789 1883 933 1948 liberavi.

229 1961 283 2024 Vl.
307 1961 396 2020 Idem
417 1981 516 2050 quum
533 1961 565 2022 in
580 1971 773 2022 conventum
788 1961 927 2024 venisset
941 1959 1115 2040 Arcadum,
1138 1992 1149 2028 ι
1183 2026 1192 2036 ,

147 2052 274 2126 petens,
294 2051 331 2100 ut
349 2039 534 2102 societatem
556 2059 629 2101 cum
643 2039 803 2102 Thebanis
824 2051 857 2100 et
877 2038 1005 2122 Argivis
1027 2039 1115 2101 faee-

147 2131 241 2189 rent:
269 2130 446 2210 contraque
466 2119 688 2196 Callistratus,
709 2117 951 2185 Atheniensium
971 2119 1114 2201 legatus,

147 2201 203 2286 qui
218 2198 402 2281 eloquentia
423 2220 531 2269 omnes
550 2219 591 2261 eo
612 2197 795 2286 praestabat
814 2211 980 2282 tempore,
1001 2211 1114 2280 postn-

147 2281 244 2355 laret,
273 2287 309 2338 ut
338 2279 444 2360 potius
472 2279 639 2341 amicitiam
668 2289 884 2368 sequerentur
910 2278 1112 2354 Atticorum,

148 2371 181 2423 et
202 2357 393 2420 irroratione
414 2379 471 2427 sua
491 2360 590 2427 multa
604 2355 635 2438 ὅ)
659 2357 803 2426 invectus
825 2369 911 2422 esset
933 2357 965 2417 in
986 2357 1112 2418 ’11111111

146 2459 204 2503 uos
235 2447 269 2497 et
294 2437 451 2517 Argivos,
481 2439 513 2499 in
540 2439 651 2520 eisque
675 2437 739 2498 hoc
762 2439 941 2518 posuisset,
974 2435 1113 2496 animad-

43 2585 45 2587 ,
147 2528 275 2580 vertere
297 2513 418 2574 dehere
439 2517 597 2590 Arcadas,
618 2517 729 2599 quales
745 2528 881 2600 utraque
896 2515 1007 2578 civitas
1023 2515 1110 2576 cives
1133 2537 1152 2578 a

145 2602 369 2684 procreasset,
399 2611 438 2652 ex
458 2594 636 2676 quibusda
660 2595 776 2656 ceteris
798 2601 930 2676 possent
950 2593 1111 2654 iudicare:

146 2673 286 2755 Argivos
310 2669 393 2735 enim
414 2671 514 2732 fuisse
528 2671 682 2734 Orestem
697 2684 730 2734 et
745 2673 984 2750 Alcmaeonem,
1004 2673 1112 2732 matri·

148 2753 252 2828 eides,
283 2747 402 2809 'thebis
424 2749 587 2834 Oedipum
611 2763 738 2826 natum,
787 2753 837 2827 ui,
865 2767 965 2834 quum
984 2763 1112 2832 patrem

148 2853 240 2898 suum
273 2827 508 2905 interfecisset,
540 2850 581 2889 ex
612 2841 714 2896 matre
743 2773 863 2898 lideros
890 2843 1109 2918 procreasset:

147 2913 201 2976 hic
225 2911 257 2970 in
282 2907 509 2988 respondendo
529 2909 780 2994 Epaminondas,
809 2929 908 2994 quum
928 2907 969 2970 de
992 2909 1151 2979 11111113
1211 2960 1213 2966 ,

148 2991 349 3079 perorasset,
367 2999 537 3075 postquam
556 2987 600 3069 ad·
613 2986 667 3048 illa
683 2986 747 3049 duo
764 2986 938 3080 opprobria
951 2988 1111 3074 pervenit,
1183 3039 1187 3046 .

148 3069 298 3134 admirari
321 3087 356 3130 se
376 3066 456 3133 ¹dixit
477 3064 643 3130 stultitiam
667 3066 807 3132 rhetora
826 3067 944 3148 Attici,
972 3067 1027 3154 qui
1046 3088 1111 3130 nou
1156 3116 1159 3122 ,

160 3224 336 3242 ’μ

200 3311 228 3380 7)
245 3325 396 3379 pronomen
414 3325 448 3374 sn
465 3325 480 3360 e
500 3306 584 3362 codd.
603 3305 683 3359 aare.
702 3305 829 3374 restiterim
849 3307 877 3358 in
893 3305 942 3358 Ax.
962 3305 1111 3372 omittitur3

149 3383 230 3446 vulgo
249 3395 282 3428 sac
298 3393 353 3427 una
370 3376 447 3430 urbe.
476 3425 478 3430 .

203 3446 231 3515 8)
250 3444 325 3496 deest
343 3443 410 3498 haec
426 3462 476 3499 vor
493 3447 520 3500 in
539 3443 622 3506 codd,
636 3444 722 3502 Aaou
740 3443 831 3498 Boscl.
851 3441 929 3496 von.
947 3441 977 3500 t.
