2524 3872
383 402 420 468 ll.
445 387 700 466 rnenssrocsss.
721 419 751 484 9.
779 419 823 466 ιο.
1042 403 1082 472 δι

118 559 239 622 sortem
260 558 421 622 inimicum
444 559 499 621 ille
520 539 671 641 expertus
694 571 754 622 est.
790 559 838 619 Es
858 569 964 620 autem
984 581 1085 644 rogo,

118 651 158 700 tu
175 639 216 700 de
230 639 279 699 lais
293 628 407 714 reBus,
428 659 510 778 quas
523 638 553 717 a)
576 651 683 700 tecum
698 637 839 722 colloqui
857 639 950 712 volo,
970 660 1084 702 sunum

451 738 504 796 es,
525 737 631 801 eoque
652 729 811 780 transacto
832 715 872 776 ad
886 727 918 777 te
929 715 959 797 8)
977 719 1085 780 venire

119 718 197 778 mihi
210 717 364 798 temporis
377 713 406 799 7)

119 797 258 881 patiaris.

203 876 242 934 X.
278 873 381 935 Huius
414 895 472 936 rex
502 873 595 935 animi
627 872 875 956 magnitudinem
911 873 1122 952 admirans‚s
1213 938 1215 940 ,

34 960 36 964 ’
122 952 321 1035 cupiensque
341 955 437 1014 talem
453 955 556 1026 virum
570 953 629 1014 sibi
648 953 825 1028 conciliari,
848 953 969 1014 veniam
985 952 1083 1016 dedit.

121 1033 182 1092 Ille
202 1053 294 1092 omne
316 1033 396 1092 illud
419 1045 546 1114 tempus
565 1032 666 1094 literis
687 1031 891 1114 sermonique
914 1032 1086 1094 Persarum

122 1109 231 1174 dedit:
255 1111 372 1194 quibus
395 1112 476 1172 adeo
502 1113 644 1174 eruditus
673 1121 741 1188 est,
760 1121 797 1172 ut
820 1111 922 1172 multo
946 1130 1086 1173 commo·

122 1183 194 1249 dius
210 1189 336 1251 dicatur
357 1191 441 1273 apud
457 1212 494 1252 re
519 1211 569 1252 em
589 1191 689 1253 verba
710 1189 846 1266 fecisse,
866 1211 959 1273 quam
979 1189 1012 1250 bi
1028 1211 1087 1272 po·

121 1280 245 1345 terant,
269 1269 324 1352 qui
348 1269 380 1330 in
401 1213 535 1331 Perside
560 1282 650 1330 erant
667 1268 741 1330 nati.
782 1269 844 1329 Hic
868 1289 967 1352 quum
987 1271 1086 1330 multa
1107 1283 1126 1327 ι

121 1348 195 1440 regi
230 1359 314 1409 esset
336 1349 516 1430 pollicitus,
542 1348 821 1430 gratissimumque
845 1345 946 1422 illud,
971 1347 998 1406 si
1024 1349 1089 1408 suis

62 1487 64 1490 .
122 1435 172 1486 uti
187 1427 323 1488 consiliis
338 1429 448 1504 vellet,
460 1428 550 1487 illum
563 1427 727 1487 Graeciam
736 1425 823 1486 bello
840 1444 1089 1518 oppressurum

123 1505 244 1586 magnis
263 1507 446 1567 muneribus
463 1507 502 1567 ab
516 1507 695 1566 Artaxerxe
713 1505 845 1566 donatus
861 1527 893 1566 m
910 1503 1016 1564 Asiam
1037 1525 1089 1565 re·

125 1583 200 1660 diit,
224 1585 481 1669 domiciliumque
497 1585 676 1666 Magnesiae
698 1585 758 1644 sihi
781 1585 953 1645 constituit.
993 1581 1128 1648 Nam-3

124 1682 191 1744 que
210 1661 289 1724 hanc
314 1665 428 1725 urbem
450 1665 480 1725 ei
500 1687 558 1725 rex
578 1663 728 1739 donarat,
749 1662 797 1723 his
818 1664 947 1746 quidem
964 1661 1090 1740 verbis,

124 1761 208 1828 quae
230 1743 260 1802 ei
280 1763 395 1822 panem
419 1744 589 1824 praeberet
617 1744 684 1822 (ex,
698 1763 759 1824 qua
779 1743 911 1824 regione
936 1741 1090 1824 quinqua·

124 1821 211 1900 ginta
224 1822 343 1880 talenta
357 1821 523 1902 quotannis
540 1819 723 1898 redibant);
745 1823 954 1900 Lampsacum
972 1831 1090 1896 autem,

123 1898 210 1958 unde
245 1897 351 1958 vinum
380 1909 539 1976 sumeret3
570 1899 748 1975 Myuntem‚
779 1917 819 1956 ex
842 1918 904 1980 qua
922 1897 1091 1977 opsonium

112 1976 271 2037 haberet.
311 1975 415 2035 Huius
443 1975 483 2034 ad
507 1985 648 2045 nostram
675 1975 860 2036 memoriam
888 1986 1091 2035 monumenta

1 2064 2 2073 ’
49 2081 52 2087 ·
124 2064 310 2116 manserunt
332 2054 413 2116 duo:
437 2055 619 2135 sepulcrum
642 2074 702 2134 pro
728 2073 745 2113 e
771 2052 941 2136 oppidum,
970 2052 1090 2136 inquo

114 2146 176 2208 est
196 2134 338 2213 sepultus
346 2154 356 2210 3
389 2147 509 2196 statuae
531 2133 563 2192 in
585 2131 662 2193 foro
691 2073 879 2213 llllagnesiae.
923 2131 975 2192 De
999 2133 1131 2207 euiusla

126 2224 233 2279 morte
254 2213 447 2274 multimodis
468 2210 552 2294 apud
575 2212 747 2294 plerosque
767 2211 920 2292 scriptum
943 2221 1007 2288 est3
1030 2210 1089 2272 sed

125 2311 185 2352 nos
207 2291 353 2352 eumdem
373 2293 572 2374 potissimum
587 2289 805 2369 Thucydidem
826 2301 992 2367 auctorem
1012 2309 1090 2370 pro·

125 2370 253 2446 bamus,
275 2371 331 2452 qui
344 2371 434 2432 illum
450 2373 493 2432 ait
506 2370 686 2452 Magnesiae
704 2367 818 2430 morbo
833 2380 1014 2444 mortuum,
1034 2386 1091 2428 ne·

127 2464 190 2544 que
212 2461 323 2532 negat,
345 2449 446 2521 luisse
459 2451 594 2524 famam,
614 2467 774 2510 venenum
797 2469 852 2508 sua
872 2457 985 2528 sponte
1005 2467 1091 2505 sum·

128 2547 224 2598 sisse,
255 2549 353 2610 quum
381 2549 433 2608 se,
462 2550 542 2612 quae
563 2527 634 2608 regi
657 2527 698 2588 de
720 2527 854 2586 Graecia
882 2523 1090 2606 opprimenda

128 2607 291 2690 pollicitus
322 2620 423 2684 esset,
445 2619 609 2690 praestare
629 2625 724 2687 posse
749 2604 945 2686 desperaret.
983 2604 1089 2682 Idem,
1109 2601 1131 2664 5

128 2691 201 2747 ossa
225 2685 292 2746 eius
317 2686 397 2745 clam
418 2687 449 2746 in
467 2687 572 2746 Attica
593 2683 632 2743 ab
654 2683 761 2745 amicis
778 2685 918 2765 sepulta,
942 2682 1090 2774 quoniam

127 2764 255 2846 legibus
282 2785 346 2826 non
378 2766 629 2838 concederetur,
667 2762 754 2846 quod
783 2761 974 2848 proditioms
1006 2771 1091 2822 esset

129 2843 310 2921 damnatus,
330 2845 502 2907 memoriae
516 2841 676 2925 prodidit.

119 3008 121 3012 ,
145 2991 338 3010 *-

179 3081 209 3152 fi)
235 3082 329 3132 Lamb.
347 3080 379 3133 de
399 3080 514 3152 qm'bus,
533 3099 558 3132 v.
575 3081 661 3132 Brem.
679 3107 712 3120 -
739 3077 765 3148 7)
785 3078 867 3131 codd.
887 3079 1004 3150 Guelpli.
1022 3079 1090 3132 Dan.

129 3150 206 3200 Leid.
231 3167 351 3200 arcturum
381 3149 447 3214 malai
465 3163 566 3220 teaeetpus
589 3151 623 3200 cl.
650 3147 729 3200 Bard.
747 3175 781 3190 -
805 3146 834 3216 8)
852 3150 931 3217 vulgo
950 3167 989 3201 ms
1006 3147 1047 3202 ad
1065 3159 1091 3200 te

129 3219 247 3280 uenire,
266 3218 300 3268 cl.
317 3217 386 3270 otn.
