2564 3872
430 439 530 505 XXV.
553 460 698 504 muscus.
725 433 758 504 ιζ’
771 463 797 502 s.
1033 445 1098 526 ‘sap
1185 409 1190 413 Π

142 609 192 658 est
216 597 270 658 dil'
295 609 386 675 ente,
413 600 598 683 indulgente
619 597 668 680 ²),
690 613 739 679 et,
762 614 800 663 ut
818 613 887 662 tum
908 599 998 666 erant
1018 617 1098 666 tern-

141 697 239 757 pora,
292 679 362 750 iti‚'¹
380 679 410 739 in
435 680 587 762 rimisque
619 680 765 744 studioso
800 682 974 743 literarum.
1014 683 1097 760 Hie,

140 769 239 837 prout
259 757 328 838 ipse
343 701 467 818 amabat
487 755 611 834 literas,
632 759 776 822 omnibus
794 761 963 836 doctrinis,
983 762 1097 846 quibus

139 835 272 916 puerilis
293 847 380 896 aetas
397 835 558 916 ‘impertiri
581 837 695 911 debet,
714 837 813 900 lilium
837 841 985 904 erudivit.
1017 843 1097 902 Erat
1117 843 1135 904 3

139 925 247 1006 autern
264 914 296 974 in
315 933 438 995 puero,
457 927 588 996 praeter
608 916 803 979 docilitatem
820 918 956 998 ingenii,
975 939 1097 980 summa

139 1003 277 1054 suamtas
297 995 362 1055 oris
388 1014 425 1056 ac
448 996 553 1066 vocis,
578 1005 697 1058 utnon
719 998 822 1059 solum
843 997 992 1058 celeriter
1016 1001 1096 1066 acoi-

138 1082 250 1152 perct,
273 1093 356 1155 quae
377 1074 600 1152 tradebantur,
620 1075 677 1135 sed
701 1077 797 1137 etiam
812 1075 1008 1136 excellenter
1021 1071 1096 1158 p'ro·

138 1149 306 1212 nuntiaret.
339 1152 412 1240 Qua
436 1173 476 1214 ex
495 1173 532 1215 re
548 1156 580 1215 in
594 1155 733 1236 pueritia
748 1151 862 1215 nobilis
884 1154 1097 1241 interneque-

138 1229 185 1290 les
219 1227 405 1306 ferebatur,
446 1234 626 1317 clariusque
658 1233 962 1316 er'splendesoeba't,
999 1249 1096 1320 ¹quam

138 1310 287 1445 penerosi
314 1312 524 1395 condiscipuli
554 1314 657 1375 animo
692 1333 796 1396 aequo
831 1313 921 1373 serre
954 1326 1094 1396 possent.

151 1399 249 1468 taque
266 1388 415 1452 incitabat
440 1411 549 1456 omnes
578 1391 683 1455 studio
708 1413 784 1470 suo;
812 1415 877 1476 quo
904 1391 936 1452 in
961 1413 1095 1457 numero
1116 1403 1135 1466 4

137 1465 272 1526 fuerunt
289 1471 325 1529 L.
347 1474 547 1552 Torquatus,
576 1474 611 1534 C.
633 1474 750 1532 Marius
773 1471 873 1549 filius,
898 1473 939 1530 M.
962 1473 1094 1532 Cicero:

138 1565 219 1630 quos
240 1551 469 1610 consuetudine
487 1571 540 1611 sua
564 1553 608 1612 sic
629 1552 689 1613 sibi
710 1551 866 1629 devinxit,
887 1561 922 1611 ut
941 1568 1035 1612 nemo
1056 1549 1094 1612 ils

134 1637 297 1707 perpetuo
318 1627 418 1689 fuerit
438 1630 553 1693 carior.

215 1706 253 1765 ll.
277 1706 381 1766 Pater
401 1720 523 1767 mature
548 1707 695 1769 decessit.
735 1711 806 1789 lpse
839 1708 1093 1770 adolescentulus
1119 1732 1130 1767 1

137 1795 275 1878 propter
296 1783 481 1846 affinitatem
500 1789 540 1849 P.
563 1787 711 1867 Sulpicii,
764 1787 796 1848 ui
823 1785 970 1848 tribunus
1009 1786 1094 1846 lebis

137 1863 328 1924 interfectus
350 1875 414 1942 est,
436 1885 499 1925 non
520 1883 635 1945 expers
656 1807 815 1925 fuitilbus
833 1865 978 1944 periculi.
1029 1881 1094 1923 'am-

183 1941 340 2018 eAnioia,
353 1943 523 2024 Pomponii
537 1943 734 2016 consobrina,
748 1955 900 2024 nupserat
914 1945 955 2002 M.
970 1942 1094 2016 Serum,

134 1963 229 2083 hbui
243 2020 386 2102 Sulpicii.
412 2024 523 2106 ltaque
538 2021 710 2084 interfecto
726 2023 868 2104 Sulpicio
884 2033 1093 2104 posteaquam
1115 2037 1133 2076 s

136 2100 232 2179 vidit,
255 2100 395 2164 ¹Cinnano
417 2103 556 2162 tumultu
583 2100 744 2164 civitatem
764 2122 834 2163 esse
857 2100 1094 2181 perturbatam,
1126 2169 1130 2176 ι

134 2200 240 2275 neque
271 2181 331 2241 sibi
358 2180 426 2242 dari
454 2180 640 2242 facultatem
699 2203 736 2243 ro
766 2180 919 2320 dignitate
946 2172 1094 2254 vivendi,

135 2281 211 2342 qum
231 2261 415 2322 alterutram
430 2273 554 2340 partem
571 2259 660 2323 offen
685 2273 771 2338 eret,
815 2258 1093 2320 issooiatis·dnimis

77 2411 80 2416 Ι
135 2340 267 2415 civium,
283 2361 381 2423 quum
395 2340 613 2418 alii·Sullnnis,
627 2341 682 2400 alii
697 2341 841 2400 Cinnanis
857 2339 1008 2400 'faverent
1021 2357 1093 2418 par·

134 2417 231 2478 tibus:
254 2421 405 2480 idoneum
425 2432 551 2502 tempus
567 2433 656 2482 ratus
678 2420 788 2480 studiis
806 2417 1004 2500 obsequendi
1019 2415 1093 2490 suis,

134 2495 275 2558 Athenas
296 2517 330 2555 se
352 2499 495 2557 contulit.
535 2501 648 2582 Neque
669 2519 708 2559 eo
730 2500 833 2560 secius
855 2497 1092 2557 adolescentem

135 2575 285 2650 Marium,
305 2573 432 2633 hostem
453 2576 641 2652 iudicatum,
662 2577 742 2637 iuvit
757 2577 878 2656 'opibus
899 2576 980 2650 suis3
1002 2572 1091 2633 cuius

133 2652 244 2734 lugam
267 2652 402 2733 pecunia
425 2651 611 2714 sublevavit.
652 2654 717 2729 Ac,
737 2670 781 2733 ne
802 2655 855 2711 illa
876 2652 1090 2732 peregrinatio
1112 2649 1131 2708 3

135 2732 359 2792 detrimentum
389 2729 428 2790 ali
454 2731 519 2790 uod
549 2730 682 2791 afferret
710 2732 759 2790 rei
773 2730 945 2805 'familiari,
964 2729 1092 2802 geodcm

134 2829 277 2903 magnam
297 2820 420 2890 partem
431 2751 642 2868 ‘hortensium
659 2809 788 2870 traiecit
808 2828 945 2867 suarum.
966 2807 1029 2866 Hic
1049 2807 1093 2866 ita*

134 2890 229 2966 vixrt,
254 2900 291 2949 ut
310 2887 466 2948 universis
490 2887 734 2948 Atheniensibus
755 2888 871 2948 merito
893 2896 977 2946 esset
999 2885 1091 2945 caris-

133 2968 239 3029 simus.
279 2969 358 3026 Nam
378 2977 510 3046 praeter
524 2966 666 3047 gratiam,
686 2987 767 3050 quae
788 2968 849 3026 iam
862 2966 891 3024 in
908 2963 1091 3024 adolescen-
1112 2971 1131 3034 4

133 3047 200 3107 tulo
217 3056 333 3128 'magna
356 3055 442 3121 erat,
469 3063 564 3125 saepe
584 3046 654 3105 'sinis
678 3045 793 3126 opibus
820 3043 957 3124 inopiam
979 3062 1092 3101 eorum

155 3125 292 3186 ublicam
313 3123 439 3187 levavit.
478 3123 587 3210 Quum
609 3125 691 3185 enim
714 3143 879 3188 versuram
901 3121 1011 3182 faeere
1033 3141 1091 3198 pu-

131 3147 218 3266 blice
236 3221 368 3266 necesse
389 3214 493 3281 esset,
512 3222 617 3285 neque
640 3203 708 3264 eius
723 3200 937 3266 conditionem
957 3218 1093 3280 aequam

148 3353 322 3368 *-

185 3424 212 3491 α)
242 3426 308 3478 haec
330 3441 390 3478 voxv
405 3427 479 3478 deest
496 3427 524 3476 in
543 3424 605 3484 edd.
623 3424 687 3494 qdd.
709 3433 770 3477 vett.
791 3431 817 3477 et
839 3424 936 3491 eodd.;
960 3427 1026 3476 Tin.
1044 3427 1086 3475 in·

133 3493 230 3557 clusit,
250 3501 276 3544 ut
291 3493 325 3544 cl.
344 3493 445 3546 Daehn.
1087 3507 1097 3527 ²
