2564 3872
185 389 226 466 94
466 373 553 442 m·
569 391 767 438 necemus.
787 377 817 452 lp
837 371 867 436 o.

147 569 150 574 ·
184 533 636 602 sidiumhaecdsemoniorum
651 555 813 619 exercep
855 535 999 613 ulerunt,
1012 536 1151 618 patrlsm

186 613 354 684 obsidione
367 615 598 693 liberaverunt,
612 627 760 678 auctores
771 618 815 679 Ca
838 637 928 678 meae
943 615 1152 697 occupandae

186 697 303 783 purtim
323 694 530 772 occiderunt,
552 695 668 778 purtim
691 695 723 755 in
743 695 888 756 exsilium
909 695 1086 758 eiecerunt.

265 775 321 838 IV·
349 775 422 838 Hoc
440 784 506 836 tum
525 773 658 836 turbido
678 785 845 856 tempore,
864 775 946 836 sicut
973 795 1070 856 supra
1093 772 1151 839 do·

147 879 156 886 ·“
187 855 327 930 coimus,
341 851 594 936 Epaminondas,
615 851 723 938 quoad
743 873 817 916 cum
830 851 953 916 civibus
966 853 1151 915 dimicatum

186 947 253 1011 est,
283 931 372 994 domi
401 932 528 1016 quietus
548 931 620 994 fuit.
661 934 707 995 lta
754 952 772 993 e
799 932 880 994 hace
911 931 1151 994 liberandarum

188 1013 376 1076 Thebarum
394 1012 528 1094 propria
546 1012 615 1072 laus
637 1023 687 1072 est
738 1012 790 1074 elo
814 1011 905 1074 idaea
928 1023 1056 1073 ceterae
1077 1011 1150 1073 fero

148 1111 299 1156 somnes
314 1111 499 1154 communes
512 1110 586 1152 cum
600 1091 777 1172 Epaminon
802 1112 828 1152 a
848 1093 926 1152 Nam
974 1091 1151 1152 eLeuetri-

188 1194 226 1236 ca
246 1191 369 1253 pugna,
390 1171 585 1252 imperatore
601 1169 838 1250 Epaminonda,
858 1169 910 1232 hic
942 1171 991 1230 uit
1010 1169 1076 1231 dux
1096 1169 1153 1232 de-

188 1253 292 1319 lectae
313 1269 441 1324 manus,
459 1268 542 1332 quac
563 1248 665 1330 prima
683 1249 874 1343 phalangem
897 1251 1072 1332 prostravit
1092 1251 1153 1311 Lu·

148 1333 316 1398 doenum.
356 1328 513 1390 Omnibus
540 1341 710 1410 praeterea
736 1330 888 1411 perieulis
916 1329 1019 1391 affuit.
1060 1329 1153 1392 Siout

190 1411 339 1492 Spartam
394 1429 468 1468 uum
496 1407 709 1490 oppugnavit,
736 1408 872 1470 alterum
899 1409 1002 1470 tenuit
1028 1427 1151 1472 cornua

212 1509 323 1572 uoque
388 1507 499 1550 essene
525 1487 663 1548 celerius
691 1487 936 1564 restitueretur,
968 1489 1094 1571 legatus
1120 1490 1153 1550 iu

190 1513 307 1632 demas
328 1579 378 1628 est
397 1567 576 1648 profectus.
606 1566 757 1650 Denique
776 1565 856 1628 haee
876 1566 939 1628 fuit
958 1568 1059 1629 altera
1078 1589 1154 1650 per·

120 1711 124 1716 ,
192 1667 270 1711 sona
296 1645 433 1722 Thebis,
470 1645 528 1706 sed
553 1655 661 1706 tamen
686 1646 826 1708 secunda
856 1645 918 1726 ita,
946 1659 981 1708 ut
1007 1648 1154 1730 proxima

192 1737 278 1790 esset
298 1724 546 1808 Epaminondae.
936 1795 940 1804 Ι
1123 1781 1126 1786 ,

272 1807 313 1872 V.
340 1802 547 1868 Conflictatus
569 1815 675 1866 autem
697 1815 747 1867 est
768 1824 843 1866 eum
858 1804 993 1868 adversa
1010 1803 1154 1867 fortuna.

162 1917 166 1922 ·
191 1889 272 1950 Nam
294 1898 327 1949 et
345 1885 452 1962 initio,
473 1885 555 1946 sicut
575 1883 790 1962 ostendimus,
814 1884 904 1945 exsul
923 1884 1025 1966 patria
1042 1885 1155 1964 caruit,

193 1981 245 2044 ct,
274 1987 374 2052 quum
401 1963 598 2025 Thessaliam
634 1964 666 2024 in
697 1974 891 2046 potestatem
925 1964 1153 2025 Thebanorum

193 2066 235 2107 ou
258 2057 329 2106 eret
347 2043 514 2125 redigere,
535 2043 766 2128 legationisque
787 2044 859 2104 iure
881 2044 956 2104 satis
978 2054 1100 2104 tectum
1117 2063 1154 2104 se

195 2068 422 2198 arbitraretur,
444 2121 532 2203 quod
553 2122 638 2202 apud
658 2143 768 2183 omnes
790 2133 901 2205 gentes
923 2135 1066 2182 sanctum
1084 2141 1164 2184 esse,
1273 2159 1275 2166 ,

187 2213 396 2276 ¹consuesset,
420 2221 438 2260 a
460 2213 592 2338 tplranno
607 2201 790 2262 Alexandro
808 2202 957 2262 Pheraeo
973 2202 1067 2262 simul
1082 2221 1158 2263 eum

155 2305 174 2348 u
195 2281 328 2342 Ismenia
344 2298 473 2358 compre
499 2297 591 2338 ensus
612 2278 644 2338 in
657 2279 785 2342 vincula
800 2281 963 2344 coniectus
979 2291 1037 2341 est.
1061 2283 1159 2343 Hunc

194 2357 428 2444 Epaminondas
451 2359 672 2438 recuperavit,
691 2359 778 2422 bello
800 2380 999 2442 persequens
1019 2360 1160 2420 Alexan-

195 2441 298 2502 drum.
339 2439 420 2498 Post
443 2435 477 2496 id
502 2435 622 2497 factum
648 2460 820 2522 numquam
844 2440 872 2499 is
902 2441 1005 2500 animo
1034 2441 1159 2519 placari

194 2519 302 2602 potuit
318 2517 350 2578 in
365 2536 456 2593 eum,
476 2537 494 2576 a
518 2536 583 2600 quo
605 2529 675 2576 erat
695 2519 841 2580 violatus.
867 2521 913 2579 lta
936 2539 977 2580 ue
998 2519 1160 2599 persuasit

101 2655 104 2665 ,
195 2596 371 2674 Thebanis,
402 2607 438 2656 ut
467 2592 607 2657 subsidio
639 2595 821 2658 Thessaliae
855 2540 1160 2679 prohoiscercntur,

154 2683 408 2760 3tyraunosque
433 2675 500 2735 eius
528 2674 736 2756 expellerent.
776 2677 874 2737 Cuius
898 2677 977 2738 belli
1003 2697 1101 2760 quum
1125 2677 1160 2738 ei

106 2785 111 2821 ε
196 2779 317 2818 summa
342 2766 429 2817 esset
458 2755 546 2830 data,
579 2773 685 2837 eoque
714 2774 787 2816 cum
816 2757 961 2817 exercitu
987 2756 1160 2838 profectus

103 2842 104 2847 ’
197 2848 297 2910 esset,
326 2857 391 2896 non
420 2833 595 2909 dubitavit,
626 2835 719 2894 simul
753 2853 789 2893 ae
815 2836 982 2916 conspexit
1012 2834 1159 2912 hostem,

157 2911 388 2994 laconlligeres
420 2913 455 2972 In
483 2932 547 2995 quo
571 2911 697 2992 proelio
721 2913 939 2974 Alexandrum
960 2924 998 2974 ut
1022 2913 1161 2973 animad-

197 2992 313 3068 vertit,
344 2994 491 3050 incensus
514 2991 561 3050 ira
582 3009 701 3072 equum
721 2990 754 3051 in
775 3011 848 3053 eum
869 2991 1055 3068 concitavit,
1082 3011 1161 3072 pro-

198 3071 316 3154 culque
334 3069 494 3154 digressus
509 3092 526 3130 a
541 3063 572 3148 9)
587 3069 651 3130 suis
671 3069 976 3132 coniectu‘telorum
990 3069 1161 3133 confossus

198 3149 347 3216 concidit.
387 3149 495 3232 Atque
519 3147 584 3218 hoc
606 3151 745 3212 secunda
769 3149 905 3216 victoria
926 3149 1055 3213 accidit:
1085 3170 1160 3210 nam

193 3373 222 3440 9)
241 3375 278 3424 ita
289 3372 390 3424 Giinth.
408 3374 442 3423 al.
455 3389 470 3424 e
485 3372 566 3426 codd.
580 3373 682 3427 omnib.
697 3380 726 3427 et
739 3381 803 3426 vett·
814 3373 894 3440 cdd.,·
909 3377 989 3444 vulgo
1000 3343 1167 3443 depressus,

118 3499 125 3504 ,
161 3439 318 3493 emendante
336 3440 478 3493 Lambino.
1040 3449 1042 3454 '
