2524 3872
125 417 160 462 ιι
260 395 268 410 “
413 413 571 460 coenatu
594 417 732 462 aaronis
752 415 841 459 vrri.

121 557 205 619 mitti
223 555 268 617 im
292 557 514 638 manuscriptis
528 559 641 620 solent.
675 557 704 637 7)
726 560 773 619 Ac
787 577 846 618 nec
861 557 1047 633 Aemilium,
1061 575 1121 618 nec

121 637 337 698 'Pheodosiani
356 637 427 699 aevi
449 659 638 720 quemquam
659 659 771 700 eorum
793 657 863 698 esse
878 636 1035 698 librorum
1050 655 1123 697 auc·

121 728 245 791 torena,
267 715 391 776 abunde
410 719 515 799 arguit
536 738 617 797 pura
638 731 671 779 et
687 721 829 778 Romana
851 715 960 777 dictio.
1002 715 1124 798 Opine-

122 807 176 858 tur
198 791 326 876 aliquis,
352 809 388 856 ut
403 800 530 874 Trogus
553 795 590 856 ab
612 797 748 870 Iustino,
769 797 812 856 ita
833 795 872 856 ab
893 795 1048 871 Aemilio,
1069 795 1123 878 qui

91 883 95 889 '
122 872 181 935 sub
209 870 392 936 Theodosio
421 875 515 950 vixit,
548 875 579 934 in
608 876 830 956 compendium
859 895 929 934 esse
956 875 1123 934 redactum

123 955 294 1034 Nepotem.
337 955 401 1014 Sed
422 955 507 1015 aliud
528 954 639 1014 suadet
663 955 769 1036 operis
790 953 1000 1028 concinnitas,
1021 965 1055 1014 et
1071 954 1125 1013 illa

124 1032 293 1174 praefandi
314 1035 414 1109 ratio,
437 1055 519 1116 quae
545 1045 593 1093 est
617 1035 648 1093 in
670 1033 907 1114 Epaminondae
930 1034 1012 1108 vita,
1034 1053 1070 1092 ac
1092 1032 1124 1092 in

155 1113 281 1194 elopida
311 1113 481 1193 imprimis,
507 1113 564 1174 ubi
590 1113 779 1174 brevitatem
799 1113 913 1174 iustam
942 1112 1124 1193 pollicetur.

125 1188 275 1254 llttamen
296 1193 451 1258 sententia
470 1193 569 1270 haec,
593 1194 669 1253 licet
689 1213 848 1268 erronea,
869 1191 971 1252 minus
991 1191 1129 1272 periculi

126 1271 257 1346 habeat,
279 1271 451 1334 dummodo
476 1283 566 1332 extra
587 1272 839 1334 controversiam
861 1281 1002 1345 maneat,
1021 1270 1128 1332 Aemi·

126 1351 204 1412 lium
234 1351 337 1412 omnia
365 1351 405 1411 de
437 1351 612 1432 purissimis
641 1351 774 1432 Nepotis
804 1349 950 1411 fontibus
978 1349 1129 1412 hausisse.

128 1431 210 1490 Sane
229 1431 366 1490 Tulliani
381 1450 451 1492 esse
471 1429 541 1491 aevi
555 1431 766 1524 scriptorem,
785 1449 890 1513 neque
907 1430 1019 1505 alium,
1035 1451 1129 1514 quam

127 1513 304 1590 Nepotem,
328 1523 396 1570 tum
422 1521 568 1571 veterum
592 1511 633 1570 ah
656 1521 713 1570 uot
734 1510 892 1570 librorum
916 1509 1032 1570 indicio
1055 1529 1130 1591 cog·

129 1589 288 1662 noscitur3
321 1601 390 1650 tum
415 1589 526 1664 etiam,
566 1534 655 1684 (puell
682 1588 721 1650 ad
751 1589 964 1670 Pomponium
989 1589 1131 1650 Atticum

130 1667 236 1762 (citius
257 1669 342 1730 idem
361 1681 475 1751 rogatu
496 1669 536 1730 de
560 1682 624 1730 vita
644 1668 779 1730 Catonis
792 1667 909 1728 librum
927 1668 1021 1747 fecit)
1045 1669 1151 1730 vitae

130 1760 208 1812 tstae
226 1747 419 1809 scribantur:
440 1760 613 1832 utcumque
629 1749 662 1808 id
678 1745 709 1807 iri
726 1759 840 1831 quarto
855 1747 1132 1808 miscellaneorum

131 1847 261 1887 suorum
290 1840 387 1908 neget
407 1829 619 1905 Hieronymus
646 1827 787 1909 Magius,
823 1825 877 1910 qui
901 1826 968 1907 ipsa
996 1828 1131 1908 Nepotis

131 1906 330 2000 praefatione
345 1907 418 1967 satis
433 1906 603 1968 refellitur.
628 1907 762 1968 Accedit
777 1919 810 1966 et
826 1907 926 1966 altera
940 1906 1034 1968 ratio.
1054 1909 1134 1966 Nam

132 1985 226 2046 mltis
243 1986 332 2046 libris
349 2007 387 2046 ea
401 1987 512 2068 legere
530 2000 595 2062 est,
620 2009 702 2072 quae
718 2007 799 2067 opus
813 1985 876 2046 hoc
893 1987 1048 2066 scriptum
1063 2005 1134 2047 esse

131 2067 282 2141 clamant,
304 2087 370 2147 quo
393 2078 541 2146 tempore
565 2068 739 2161 Pompeius
764 2075 797 2124 et
812 2067 930 2123 Caesar
949 2067 1020 2144 plus
1042 2077 1136 2146 pote·

132 2156 219 2219 rant,
243 2165 336 2227 quam
360 2145 460 2205 libera
483 2145 513 2205 in
535 2147 700 2240 republica
722 2142 898 2222 expediret.
939 2144 986 2204 Ea
1009 2145 1137 2206 Lambi-

132 2242 191 2283 nus
213 2225 284 2283 loca
306 2225 480 2304 congessit,
504 2237 541 2284 ut
561 2225 637 2286 nihil
667 2223 798 2283 attineat
819 2221 872 2280 illa
894 2221 946 2281 hic
964 2244 1136 2305 reponere.

131 2305 199 2363 Nec
215 2303 304 2362 libris
324 2304 391 2364 istis
412 2304 452 2364 de
468 2304 545 2366 uiris
561 2303 737 2365 illustribus
759 2301 864 2360 selum
881 2317 1071 2381 persecutus
1088 2317 1138 2366 est

134 2383 327 2444 excellentes
354 2383 585 2467 imperatores,
609 2383 667 2445 sed
695 2380 790 2444 etiam
819 2383 1138 2445 commentationibus

169 2636 197 2707 n)
217 2637 284 2689 Sunt
304 2653 366 2692 vere
385 2640 429 2693 hi:

242 2729 329 2792 Vade,
351 2729 420 2779 liber
439 2739 550 2789 noster,
565 2724 634 2795 fato
651 2723 760 2776 meliore
777 2739 921 2778 memento:

239 2801 328 2864 Qttum
344 2797 415 2863 leget
427 2795 492 2846 baec
509 2793 632 2844 dominus
640 2829 649 2854 ,
666 2806 690 2843 te
708 2795 777 2844 sciat
793 2812 956 2844 scaenicum.

238 2867 278 2915 Ne
291 2862 487 2932 earetunsfitlvo
500 2864 614 2912 strictos
631 2860 783 2911 diademate
796 2864 902 2924 cruces,

239 2932 375 2982 Bidentals
389 2929 516 2981 blandana
527 2930 572 2981 vel
581 2931 681 2998 pietate
697 2930 799 2980 oculos.

240 3001 398 3050 Communis
412 2999 519 3048 cecitatis
536 2997 673 3048 Ιιοιιιιίιιιιη
680 3033 690 3058 ,
709 2997 758 3047 sed
772 3015 800 3047 rc
822 3009 965 3047 iratenens

239 3067 273 3116 Se
289 3069 425 3127 eremitam
445 3067 535 3115 vincit
551 3064 613 3115 binc
630 3067 719 3132 magis
736 3066 779 3114 illc
797 3015 929 3116 domines.

238 3137 382 3185 Gratantur·
400 3133 507 3182 steriles
530 3143 637 3183 tectura
652 3133 747 3183 libelli:

236 3203 393 3253 Theodosio
411 3212 436 3249 et
452 3199 537 3249 doctis
553 3203 677 3250 carmina
696 3199 771 3250 reuda
788 3201 907 3268 placent.

240 3270 273 3319 Si
291 3283 375 3336 rogat
392 3279 531 3319 auctorem
539 3303 547 3330 ,
561 3270 693 3337 paulatim
706 3267 799 3334 detege
815 3281 942 3320 nostrum

242 3338 269 3389 T
268 3355 321 3386 acite
338 3336 452 3386 domino
469 3354 579 3385 nornen:
598 3355 637 3386 me
651 3338 722 3386 sca‘at
737 3353 794 3384 esse
806 3338 936 3387 Probum.

240 3405 362 3472 Corpore
377 3405 407 3451 in
420 3402 471 3452 laec
483 3421 578 3453 nznnus
594 3417 635 3454 est
646 3404 786 3470 gcm'toris
799 3406 899 3472 art'que
912 3416 1039 3468 meaque,

242 3469 357 3532 Felices,
375 3469 512 3521 dorninum
528 3489 597 3540 qtttte
612 3487 749 3532 meruere,
763 3472 876 3522 metatus!
