2524 3872
504 400 556 462 tx,
577 416 694 464 conos
719 403 755 462 e·
1068 401 1110 482 ⁵⁹

145 553 478 644 prehenda'fuerunt‚
499 557 586 646 quod
611 559 718 640 potius
741 552 863 640 patriae
885 580 963 643 opes
987 560 1106 641 augeri,
1170 531 1180 556 ⁸
1208 619 1218 631 ,

147 660 244 734 spiram
264 641 348 721 regis
365 639 483 701 maluit.
525 643 603 701 Nem
617 661 713 722 quum
729 659 871 720 magnam
886 641 1108 701 auctoritatem

147 720 207 780 ethi
227 741 332 800 pugna
352 718 405 778 illa
428 722 544 792 natali,
577 741 670 802 quam
698 720 782 798 apud
805 721 939 780 Cnidum
968 721 1108 792 fecerat,

91 823 94 826 ·
146 799 363 859 constituisset
391 819 455 858 non
486 802 588 861 solum
621 799 705 857 inter
734 797 905 872 barbaros,
933 798 989 860 sed
1014 800 1108 859 etiam

147 898 257 938 omnes
284 876 437 936 Graeciae
461 879 623 952 civitates,
645 879 725 936 clam
745 875 821 936 dare
839 899 971 958 operam
985 879 1108 960 coepit,

64 1018 66 1026 ,
146 968 185 1016 ut
205 957 322 1016 loniam
352 966 385 1015 et
412 958 556 1018 Aeoliam
583 957 767 1016 restitueret
790 956 1044 1018 Atheniensibus.
1073 959 1148 1020 ld3

148 1035 246 1114 quum
263 1035 364 1095 minus
382 1031 550 1118 diligenter
571 1047 656 1096 esset
675 1035 828 1108 celatum,
849 1037 1032 1112 'l'iribazus‚
1054 1037 1111 1120 qui

149 1113 303 1174 Sardibus
325 1123 492 1194 praeerat,
516 1117 678 1177 Cononem
700 1115 863 1190 evocavit,
884 1115 1047 1190 simulans,
1070 1115 1110 1176 ad

147 1213 259 1274 regem
281 1214 353 1253 eum
377 1213 412 1254 se
437 1195 564 1256 mittere
587 1195 671 1255 velle
695 1215 805 1288 magna
826 1194 867 1254 de
887 1213 925 1254 re
940 1192 982 1274 6).
1002 1193 1111 1256 Huius

148 1273 260 1334 nuntio
293 1293 406 1352 parens
456 1275 533 1333 uum
557 1273 712 1346 venisset,
745 1295 777 1332 1n
798 1274 923 1334 vincula
947 1275 1112 1336 coniectus

149 1364 216 1426 est,
236 1351 268 1410 in
288 1351 405 1432 quibus
426 1297 617 1438 dliquamtliu
640 1353 711 1412 fuit.
768 1352 843 1412 lnde
871 1356 1012 1413 nonnulli
1037 1357 1151 1424 eumd

149 1431 190 1491 ad
203 1449 313 1511 regem
330 1427 502 1492 abductum
521 1433 565 1492 ihi
589 1453 632 1492 uc
654 1434 776 1513 perisse
801 1433 954 1513 scriptum
973 1433 1114 1515 telique·

148 1522 233 1570 runt.
264 1510 382 1570 Contra
404 1529 441 1570 ea
456 1512 561 1570 Dinon
603 1512 767 1586 istoricus,
791 1511 842 1571 cui
865 1531 920 1572 nos
940 1511 1113 1592 plurimum

150 1589 191 1648 de
206 1588 345 1647 Persicis
360 1589 458 1649 rebus
478 1590 652 1666 credimus,
675 1591 844 1672 effugisse,
866 1592 1010 1672 scripsit:
1033 1587 1114 1650 illud

150 1666 330 1806 aildpbiten
363 1679 471 1730 utrum
499 1669 648 1730 Tiribazo
676 1671 813 1744 sciente,
840 1689 878 1730 en
908 1670 1113 1752 imprudente

532 1930 746 1952 -h--—........
764 1919 770 1933 ¹

617 2079 657 2138 Χ.

544 2206 737 2268 DION..

593 2339 686 2355 m

510 2438 768 2493 ARGUMENTUM.

205 2569 271 2636 Cap.
287 2567 308 2618 1.
328 2569 368 2622 De
380 2571 475 2622 Diouis
488 2590 586 2640 genere
602 2583 629 2624 et
638 2575 787 2625 virtutibus.
803 2602 834 2612 -
853 2573 886 2622 ll.
902 2573 988 2622 Dione
1004 2575 1114 2620 anctore

152 2638 231 2690 Plato
250 2637 393 2704 Syracusas
412 2641 491 2688 venit.
527 2639 667 2707 Dionysius
689 2642 735 2692 filii
755 2643 856 2692 scelere
876 2640 990 2688 moritur
1010 2636 1070 2703 (367
1091 2653 1114 2685 a.

152 2703 219 2756 chr.
233 2703 282 2770 m).
300 2735 332 2744 -
347 2705 393 2755 111.
414 2705 492 2755 Pluto
504 2707 632 2774 Dionysio
646 2709 767 2760 secundo
780 2715 908 2772 regnante
927 2707 1024 2754 iterum
1037 2705 1115 2770 Syra·

153 2789 230 2822 cusas
249 2773 335 2836 venit;
356 2772 460 2822 diversa
478 2775 597 2824 Platonis
617 2784 644 2826 et
662 2777 765 2826 Philisti
786 2775 906 2826 consilia.
924 2801 957 2811 —
976 2771 1022 2820 lv.
1048 2771 1114 2820 Dio·

153 2841 244 2906 nysius
261 2839 376 2890 Dionem
396 2840 556 2890 Corinthum
576 2843 686 2892 dimittit
703 2842 766 2908 (360
783 2861 807 2892 a.
825 2839 888 2891 Chr.
907 2837 956 2905 m).
979 2867 1011 2878 --
1036 2839 1069 2886 V.
1084 2837 1115 2886 lu

154 2907 276 2956 Siciliam
290 2923 424 2971 regressus
438 2909 703 2975 DionSyrecusar-um
718 2913 820 2977 potitur
840 2908 901 2974 (358
920 2923 943 2956 a.
954 2905 1016 2956 Chr.
1031 2905 1069 2972 u.)
1082 2931 1115 2946 -

154 2973 201 3024 Vi.
220 2973 291 3022 Dion
309 2974 434 3024 invidiam
453 2975 504 3024 sibi
523 2978 628 3046 peperit
647 2993 713 3027 nece
731 2977 885 3028 Heraclidis.
912 3001 945 3012 -
970 2973 1027 3022 Vll.
1047 2974 1115 3022 Cru-

155 3039 246 3098 delior
265 3058 322 3090 esse
337 3044 441 3109 coepit,
461 3043 488 3091 in
507 3043 635 3093 maiorem
652 3043 776 3092 invidiam
791 3044 894 3093 inci-lit.
912 3070 941 3080 -
960 3039 1031 3087 Vlll.
1051 3039 1114 3088 Cal-

155 3108 257 3158 lierutis
273 3109 389 3158 consilio
411 3110 553 3176 decipitur.
570 3137 605 3149 —
621 3112 668 3158 lx.
688 3111 767 3159 Domi
786 3126 848 3159 suae
864 3109 996 3158 occiditur
1013 3104 1075 3171 (354
1089 3122 1113 3155 e.

157 3173 221 3248 Chr.
235 3173 285 3242 m).
302 3201 337 3214 -
354 3177 388 3228 Χ.
406 3178 554 3242 Interfecto
569 3178 657 3228 Dione
676 3174 768 3228 odium
786 3177 859 3228 cedit
873 3173 1080 3228 misericordiae.

224 3386 253 3456 6)
274 3389 341 3438 Titz.
361 3387 469 3444 ecodd.
484 3390 534 3442 Ax„
547 3387 623 3442 Leid.
634 3389 663 3440 li.
679 3387 766 3440 dedit:
788 3386 860 3438 velle,
876 3385 985 3453 Magoa
992 3382 1117 3452 sortitam,

160 3458 236 3508 tione
253 3453 333 3506 huius
350 3464 403 3508 cet.
848 3457 851 3468 ’
886 3511 888 3516 ,
1207 3458 1214 3464 ’
