2564 3872
205 404 258 445 aaa
505 383 603 443 xxti.
624 401 806 446 carrecta.
833 409 855 446 ι.

199 539 296 602 liliam
315 558 404 601 suam
415 541 553 601 Seleuco
574 539 607 599 in
621 541 856 608 matrimonium
871 541 1029 612 dedisset,
1049 562 1159 626 neque

200 641 240 680 eo
269 620 368 756 mappa
395 617 458 679 lida
481 619 565 678 inter
595 639 651 680 eos
676 621 811 680 amicitia
833 640 964 713 manere
982 622 1161 712 potuisset,

200 717 236 758 ea
261 710 310 756 tus

161 785 181 846 d
202 719 258 836 hep
267 777 306 853 ⁵).
346 779 458 858 Neque
478 776 521 834 ita
540 776 640 836 multo
666 787 740 854 post
760 777 915 836 Seleucus
935 776 1160 837 aPtelemaeo

202 858 348 914 Cerauno
371 854 446 916 dolo
468 852 658 912 interfectus
677 866 741 930 est3
764 875 858 935 quern
878 855 933 913 ille
954 876 971 913 a
1014 865 1081 912 atre
1103 875 1160 914 ex-

199 932 329 1010 pulsum
358 931 576 1006 Alexandrea,
612 931 784 990 alienarum
819 953 915 1012 opum
947 874 1160 1010 indigentem,

201 1021 377 1088 receperat.
407 1013 479 1102 lpse
504 1021 608 1068 autem
629 1008 848 1080 Ptolemaeus,
870 1031 970 1091 quum
988 1010 1077 1068 vivus
1092 1007 1160 1070 filio

201 1108 334 1168 regnum
354 1087 553 1159 tradidisset,
574 1086 685 1144 abillo
703 1088 816 1147 eodem
835 1089 899 1148 vita
918 1087 1061 1166 privatus
1081 1087 1160 1146 diei-

163 1168 183 1226 5
204 1179 267 1226 tur.
307 1167 358 1225 De
379 1165 495 1246 quibus
512 1164 661 1244 quoniam
682 1166 755 1224 satis
777 1167 897 1225 dictum
917 1176 1074 1244 putamus,
1095 1185 1160 1224 nen

202 1243 437 1302 incommodum
454 1243 591 1318 videtur,
611 1263 675 1302 non
695 1244 872 1334 praeterire
893 1242 1103 1302 Hamilcarem
1127 1255 1162 1301 et

203 1321 428 1394 Hannibalern,
457 1340 539 1402 quos
564 1333 597 1380 et
620 1322 722 1380 animr-
736 1320 966 1400 magnitudine,
987 1332 1020 1379 et
1039 1321 1161 1380 eallidi-

203 1410 267 1459 tate
290 1418 398 1460 omnes
419 1398 452 1458 in
473 1397 583 1458 Africa
603 1411 693 1458 natos
713 1400 905 1478 praestitisse
926 1409 1057 1459 comtat.
1112 1471 1114 1476 ἲ

625 1686 720 1746 xxu

326 1841 409 1896 1„
483 1817 853 1878 unu1ncnn
936 1891 944 1898 ‚

633 1950 722 1962 ’aaut

551 2010 808 2102 aneuuauruu.

251 2182 317 2248 Cap.
336 2183 357 2232 l.
376 2186 525 2246 Hamilcar,
542 2187 626 2249 Eryce
645 2184 772 2244 defenso,
791 2199 911 2248 magnam
924 2183 1053 2234 ferociam
1068 2190 1161 2234 osten·

202 2247 242 2295 dit
259 2249 286 2295 in
323 2265 370 2298 ace
388 2259 450 2316 post
468 2253 583 2316 primum
601 2251 701 2297 bellum
722 2250 851 2298 Punicum
868 2249 1037 2298 concilianda
1055 2248 1115 2314 (adr
1136 2267 1161 2298 a.

202 2313 251 2361 Ch.
273 2265 321 2378 mi
343 2341 377 2350 -
406 2317 439 2363 ll.
466 2317 582 2364 liemotis
610 2331 625 2362 a
648 2313 807 2378 Carthagine
834 2315 962 2364 militibus
987 2317 1162 2365 mercenariis

203 2378 287 2427 otium
302 2380 353 2425 toti
371 2379 478 2430 Africae
492 2381 618 2429 restituit.
637 2408 669 2416 -
687 2380 734 2427 lll.
752 2381 819 2429 Cum
836 2382 953 2430 exercitu
969 2383 996 2430 in
1007 2383 1161 2446 Hispaniam

115 2479 117 2482 -
204 2444 316 2492 mittitur
336 2447 484 2496 comitante
506 2447 561 2495 filio
581 2445 726 2494 Hannibale
752 2446 814 2512 (238
831 2463 854 2495 a.
871 2446 987 2513 ct»..n.);
1009 2447 1162 2496 Hasdrubal

203 2511 259 2558 eius
276 2524 357 2571 gener
374 2521 401 2559 et
419 2515 446 2560 in
465 2513 578 2578 irnperio
597 2526 745 2560 successor.
765 2541 795 2552 ·-
813 2513 860 2577 lis.
877 2512 1010 2563 Adversus
1028 2515 1160 2564 Vettones

203 2578 230 2624 in
247 2574 354 2639 proelio
375 2589 492 2643 pugnans
509 2579 590 2629 cadit.
610 2575 672 2642 (228
689 2593 713 2626 a.
733 2578 782 2628 Ch.
800 2578 848 2644 m).

276 2715 303 2774 Ἰ.
325 2719 524 2794 Hammona,
545 2719 727 2780 Hannibalis
752 2718 851 2796 filius,
873 2741 912 2780 co
936 2721 1060 2781 nomine
1080 2725 1161 2780 Bar·

202 2816 269 2869 eas,
292 2794 573 2877 Carthaginiensis,
593 2797 697 2876 primo
714 2799 855 2858 Poenieo
877 2742 983 2874 heile,
1003 2799 1060 2858 sed
1077 2811 1160 2858 tem·

202 2870 333 2953 poribus
355 2875 521 2949 extremis,
544 2874 715 2943 admodum
729 2875 982 2936 adolescentulus
1001 2877 1034 2935 in
1051 2875 1160 2941 Sicilia

164 2967 353 3032 apraeesse
375 2953 483 3044 eoepit
508 2953 672 3011 exercitui.
711 2953 820 3034 Quum
848 2965 919 3013 ante
946 2954 1013 3013 eius
1042 2954 1160 3014 adven·

202 3042 270 3089 tum
302 3039 335 3086 et
364 3049 443 3086 marr
476 3042 509 3089 et
537 3041 625 3088 terra
661 3031 742 3088 male
772 3051 825 3089 res
860 3044 1051 3111 gererentur
1082 3035 1160 3092 Car-

205 3105 462 3188 thaginiensium,
485 3109 571 3188 ipse,
592 3106 646 3190 ulti
666 3107 774 3185 attuit,
794 3130 964 3190 numquam
982 3110 1066 3170 hosti
1090 3129 1161 3170 ees·

207 3254 390 3272 ---··-

254 3329 281 3391 5)
299 3346 316 3376 u
333 3324 428 3374 morbo
440 3323 538 3374 liabent
555 3325 636 3375 codd.
656 3324 772 3392 Guelplr.
789 3327 839 3378 Ax.
857 3329 935 3379 Voss.
950 3329 998 3392 B.;
1015 3328 1058 3379 atii
1077 3341 1159 3394 prae-

207 3397 368 3460 positionem
387 3392 522 3440 omittunt.
544 3392 579 3441 At
596 3392 631 3442 el.
649 3392 734 3440 Brem.

353 698 433 772 ello,
454 698 485 756 in
506 697 648 756 custodia
668 717 762 757 socer
783 719 894 779 genera
915 699 1014 778 periit
1034 721 1055 757 a
1070 720 1160 758 mor·
1248 761 1251 774 ,
