2564 3872
438 347 522 408 XXl.
543 366 587 410 ute
608 363 760 410 enotrius.
784 364 795 404 ι

527 524 649 592 'th
1075 611 1079 618 ⁴

317 707 320 714 .
400 669 480 728 oe
520 623 837 726 nucleus.
921 639 947 698 f

492 883 748 952 recursurum

191 1038 257 1104 Cap.
280 1038 300 1087 1.
329 1041 522 1107 Spartanorum
549 1050 642 1097 reges,
669 1033 777 1081 nomine
798 1047 850 1080 non
873 1040 1007 1098 potestate
1025 1048 1103 1098 reges

141 1102 259 1154 luerunt.
296 1109 436 1157 Persarum
460 1100 675 1153 excellentissimi
699 1115 785 1161 reges.
807 1129 840 1138 -—
867 1099 902 1148 11.
922 1101 1102 1150 Macedonum

140 1187 219 1234 reges
239 1172 383 1235 clariores;
401 1170 618 1233 unnsllpirotes,
633 1183 701 1215 unus
713 1166 784 1214 idem
800 1165 914 1214 Siculus.
931 1193 965 1204 -
983 1168 1031 1216 ltt.
1050 1167 1103 1216 tte·

129 1254 185 1301 rges
202 1254 233 1286 ex
260 1240 352 1288 amicis
372 1237 530 1287 Alexandri.

223 1383 246 1439 1.
277 1383 320 1440 Hi
352 1381 424 1441 fere
454 1379 587 1439 suerunt
617 1376 771 1438 Graeciae
796 1374 827 1454 ὃ)
852 1377 954 1458 gentis
985 1379 1103 1456 duces,

142 1459 198 1541 qui
219 1460 371 1519 memoria
395 1459 481 1538 digni
505 1455 708 1528 ridebantur,
728 1469 858 1534 praeter
877 1475 981 1536 reges.
1010 1461 1104 1518 Nam-

142 1557 206 1619 que
222 1557 276 1596 eos
294 1538 453 1616 attingere
467 1533 643 1605 noluimus,
670 1535 758 1615 quod
774 1535 911 1594 omnium
927 1554 980 1592 res
994 1537 1103 1616 gestae

142 1615 312 1695 separatim
337 1611 409 1674 stmt
442 1615 571 1673 relatae.
612 1613 725 1692 Neque
753 1623 858 1672 tamen
878 1611 910 1671 hi
927 1611 1103 1675 'admodum

102 1712 120 1753 a
142 1704 214 1754 sunt
235 1693 335 1750 tntilli.
365 1689 635 1770 Lacedaemonius
653 1701 758 1748 autem
774 1691 939 1770 Agesilaus
960 1693 1103 1770 nomine,

142 1791 206 1830 non
227 1782 408 1850 potestate,
435 1771 498 1830 l'uit
523 1771 583 1826 'rex
591 1788 600 1843 3
629 1769 711 1826 sicut
738 1769 839 1827 ceteri
860 1768 1012 1848 Spartani.
1052 1773 1103 1832 Ex

141 1849 310 1919 hisvero,
337 1851 392 1932 qui
415 1849 609 1911 dominatum
632 1845 768 1938 imperio
790 1859 979 1921 tearrerunt,
999 1851 1104 1909 excel·

142 1927 307 1988 lentissimi
322 1927 470 2002 fuerunt,
485 1939 522 1987 ut
539 1944 597 1983 nos
615 1923 805 1998 iudicamus,
819 1927 990 1984 Persarum
1002 1929 1104 2006 Cyrus

142 2017 176 2066 ct
197 2007 330 2080 Darius,
353 2007 503 2087 Hystaspi
525 1999 555 2082 9)
580 2002 681 2066 lilius:
714 2022 850 2083 quorum
879 2015 1017 2084 uterque
1039 2007 1105 2087 pri-

142 2095 234 2146 vatus
265 2085 383 2144 virtute
420 2105 555 2164 reguum
585 2093 634 2140 est
669 2081 728 2140 ade
752 2093 812 2141 tus.
861 2082 959 2140 Prior
988 2081 1103 2144 horum

143 2159 228 2252 apud
244 2163 431 2242 Massagetas
447 2163 477 2220 in
499 2160 626 2242 proelio
648 2159 716 2219 ceci
739 2161 779 2235 it;
799 2160 916 2218 ilarius
937 2173 1103 2222 senectute

100 2241 120 2302 3
143 2239 228 2297 diem
253 2239 331 2298 obiit
347 2260 540 2320 supremum.
575 2241 656 2296 'l'ree
678 2249 750 2296 sunt
769 2250 937 2318 praeterea
962 2237 1104 2298 eiusdem

167 2316 288 2384 eneris,
313 2318 453 2391 Xer-xes,
482 2329 515 2374 et
536 2315 600 2375 duo
625 2316 840 2392 Artaxerxes,
870 2316 1048 2378 Macrochir
1071 2331 1105 2378 et

178 2413 302 2454 nemon.
344 2395 447 2452 Xerxi·
462 2393 596 2452 maxime
620 2405 669 2452 est
688 2393 829 2470 illustre,
854 2394 942 2475 quod
962 2395 1103 2455 maximis

167 2483 218 2532 ost
238 2471 402 2530 hominum
420 2471 605 2530 memoriam
631 2471 823 2531 exercitibus
852 2484 939 2531 terra
960 2473 1104 2554 marique

101 2493 265 2623 tihellum
288 2549 393 2610 intulit
414 2549 576 2610 Graeciae.
619 2549 662 2608 At
688 2551 869 2611 Macrochir
898 2552 1104 2630 praecipuam

142 2625 241 2687 hahet
261 2627 388 2693 laudem
411 2629 617 2708 amplissimae
639 2628 939 2710 pulcherrimaeque
959 2649 997 2688 eo
1040 2630 1104 2690 oris

104 2737 106 2744 1
142 2705 285 2768 sot-mae:
307 2727 401 2842 «ptam
422 2706 600 2766 incredibili
621 2707 746 2765 ornavit
760 2709 878 2768 virtute
899 2705 986 2766 belli.
999 2651 1126 2766 tham-r

145 2802 207 2866 que
230 2784 286 2844 illo
343 2805 430 2846 erses
459 2804 553 2844 nemo
581 2783 643 2842 fuit
666 2805 760 2842 manu
787 2784 915 2844 fortior.
955 2787 1103 2844 Mnemon

145 2873 250 2922 autem
270 2862 407 2924 iustitiae
428 2862 512 2923 fama
528 2859 646 2922 floruit.
687 2865 766 2920 Nam
788 2884 886 2944 quum
906 2863 1104 2922 matrissuae

145 2939 269 3000 scelere
291 2941 443 3000 amisisset
463 2956 614 3014 uxorem,
634 2949 756 2998 tantum
774 2940 904 3000 indulsit
925 2940 1048 3016 dolori,
1067 2953 1104 3000 ut

104 3024 220 3083 deum
247 3017 349 3098 pietas
381 3020 534 3080 vinceret.
577 3018 626 3075 Ex
655 3015 703 3076 his
734 3019 798 3080 duo
830 3018 945 3080 eedem
976 3018 1102 3079 nomine

144 3171 345 3186 mun—n-

193 3241 222 3310 8)
250 3235 287 3292 ita
312 3239 393 3293 codd.
413 3241 530 3308 Guelph.
554 3242 629 3294 Voss.
648 3243 724 3294 Leid.
743 3242 772 3290 Β.
796 3269 828 3280 -
854 3242 887 3289 al,
903 3241 1044 3301 Graecast
1067 3243 1102 3290 el.

144 3309 246 3362 Gttntt.
266 3339 298 3350 -
319 3308 348 3376 9)
369 3311 405 3358 ita
423 3309 465 3359 ed.
484 3310 570 3374 princ.
588 3311 670 3361 Paris.
691 3317 717 3359 et
737 3309 771 3355 al.
791 3314 854 3357 vett.
871 3305 949 3371 edd.;
968 3308 995 3354 in
1012 3310 1103 3356 termi-

143 3379 251 3428 natione
267 3377 436 3428 eousentiunt
447 3374 527 3426 codd.
539 3377 574 3426 cl.
585 3375 654 3426 Stav.
668 3383 695 3424 ct
706 3372 784 3423 Bard.
803 3399 837 3412 -·
855 3374 924 3438 vulg.
943 3375 1102 3440 Hystaspis.
