2564 3872
434 393 515 454 xxi
554 407 773 454 nsnuoteus.
1055 413 1107 453 rar

117 554 231 614 morbo
245 559 383 613 naturae
396 549 539 612 debitum
559 551 789 612 reddideruntt
814 549 927 610 tertius
950 549 990 610 ab
1011 551 1072 610 Ar-

117 632 230 692 tabano
277 630 427 692 rael‘ecto·
443 630 535 690 i'erro
558 632 745 690 interemtus
767 639 824 688 est.
1045 652 1046 655 ¹

195 711 231 769 ll.
291 732 312 768 x
332 707 542 770 Macedonum
563 720 668 766 autem
689 726 811 787 genere
835 706 863 783 ¹)
885 706 950 767 duo
970 707 1072 769 multo
1098 732 1109 768 ι

118 801 245 850 ceteros
267 795 504 846 antecesserunt
518 807 628 846 rerum
643 797 804 864 gestarum
817 785 933 864 gloria:
954 785 1074 866 Philip-

117 890 194 948 pus,
217 870 371 942 Amyntae
392 861 493 939 filius,
515 875 548 922 et
567 862 749 922 Alexander
768 863 818 920 Ma
842 885 909 922 nus.
949 867 1074 924 Horum

88 973 97 982 ·
117 947 200 1006 alter
213 944 376 1022 Babylone
389 939 504 1001 morbo
520 952 702 1002 consumtus
716 951 780 1015 est3
800 883 965 1032 Pliitippus
977 943 1074 1025 Aegis

118 1046 135 1084 a
156 1023 329 1095 Pausania,
353 1041 451 1102 quum
471 1032 648 1098 spectatum
668 1019 760 1079 ludos
782 1019 861 1092 iret,
882 1030 969 1080 mxta
987 1021 1075 1082 thea-

117 1115 204 1162 trum
229 1101 352 1160 occisus
375 1109 432 1157 est.
472 1099 559 1158 Unus
576 1099 745 1179 Epirotes,
761 1097 919 1176 Pyrrhus,
934 1099 989 1180 qui
1003 1119 1074 1160 cum
1096 1120 1114 1161 s

30 1201 32 1205 ·
117 1181 240 1261 populo
262 1181 407 1237 Romano
433 1176 572 1238 bellavit.
614 1179 643 1235 ls
672 1197 769 1258 quum
793 1178 899 1257 Argos
923 1177 1075 1270 oppidum

120 1281 140 1319 o
164 1269 321 1338 pugnaret
353 1257 390 1314 'in
421 1257 664 1336 Peloponneso,
701 1255 807 1348 lapide
834 1256 914 1315 ictus
948 1258 1076 1318 interiit.

150 1357 206 1395 nus
227 1337 303 1396 item
323 1333 467 1406 Siculus,
499 1335 788 1414 Dionysiusprtor.
825 1337 904 1393 Nam
926 1347 959 1396 et
983 1358 1077 1396 manu

118 1415 229 1489 fortis,
259 1425 293 1472 et
319 1413 397 1473 belli
415 1413 538 1504 peritus
563 1413 640 1487 luit,
672 1425 705 1472 et
725 1414 756 1472 id
778 1414 866 1496 quod
886 1413 918 1472 in
943 1425 1077 1492 tyranno

44 1519 46 1522 ·
119 1515 183 1554 nou
205 1492 300 1552 facile
319 1505 499 1572 reperitur,
522 1493 649 1552 minime
670 1491 873 1567 libidinosus,
901 1509 965 1551 nou
985 1492 1076 1552 luxu-

114 1571 237 1646 riosus,
257 1591 320 1630 non
335 1591 465 1644 avarus,
487 1571 603 1630 nullius
618 1569 757 1650 denique
773 1571 822 1630 rei
845 1571 996 1650 cupidus,
1018 1572 1077 1630 uisi

120 1649 286 1728 singularis
307 1649 522 1730 perpetuique
537 1648 680 1738 imperii,
703 1647 744 1707 ob
762 1667 828 1708 eam
854 1669 894 1708 ue
915 1670 983 1708 rem
1005 1669 1077 1710 cru-

117 1727 209 1787 delis.
231 1729 309 1790 Nam
332 1726 407 1784 dum
430 1726 463 1784 id
490 1726 610 1784 studuit
630 1726 769 1800 munire,
796 1671 910 1784 nullius
931 1729 1078 1808 pepercit

118 1805 222 1880 vitae,
245 1824 341 1886 quem
363 1804 433 1864 eius
459 1803 676 1864 insidiatorem
709 1815 847 1880 putaret.
887 1804 949 1862 Hic
981 1809 1117 1884 quuu13

117 1883 239 1944 virtute
270 1881 468 1958 tyrannidem
498 1880 558 1940 sibi
587 1899 628 1957 pe
654 1877 782 1953 erissct,
810 1901 921 1960 magna
950 1883 1080 1942 retinuit

116 1961 290 2027 felicitate,
315 1959 480 2038 maiorque
500 1975 597 2016 annos
619 1898 650 2032 ἦ
674 1957 835 2037 sexaginta
854 1969 944 2016 natus
967 1958 1075 2017 deces-

105 2039 162 2098 'sit'
179 2035 315 2096 florente
336 2055 447 2116 regno.
482 2039 595 2116 Neque
616 2033 649 2092 in
662 2045 727 2094 tam
748 2036 853 2096 multis
873 2035 959 2094 annis
975 2035 1077 2096 cuius-

120 2135 217 2198 quam
237 2135 277 2174 ex
297 2133 354 2172 sua
374 2114 474 2192 stirpe
488 2114 584 2172 lituus
598 2111 694 2184 vidit,
716 2135 814 2194 quum
830 2135 869 2174 ex
884 2113 986 2172 tribus
1000 2137 1078 2174 uxo-

117 2194 206 2254 ribus
221 2192 351 2252 ·liberos
381 2203 601 2273 procreasset,
632 2190 788 2274 multique
818 2193 848 2253 ei
876 2191 941 2250 uati
972 2205 1078 2253 essent
1154 2217 1156 2222 ’

120 2293 160 2333 ne
185 2283 263 2334 otes
430 2280 432 2284 ’

161 2293 250 2409 ΡΙΙΙ.
274 2351 419 2409 Fuerunt
437 2339 606 2428 praeterea
624 2349 716 2408 multi
739 2345 768 2425 3)
791 2369 885 2431 reges
907 2369 946 2410 cx
971 2341 1077 2412 amicis
1105 2373 1114 2410 ι

121 2427 295 2490 Alexandri
319 2429 424 2508 Magni
451 2430 500 2508 ⁴),
528 2429 583 2510 qui
608 2440 684 2508 post
711 2427 833 2488 obitum
855 2429 923 2488 eius
946 2430 1079 2508 imperia

120 2517 293 2586 ceperunt:
315 2506 408 2564 iubis
425 2507 618 2586 Antigonus,
634 2518 667 2565 et
680 2506 773 2565 huius
787 2504 869 2566 filius
884 2508 1080 2582 Demetrius,

119 2581 340 2662 Lysimachus,
362 2581 534 2656 Seleucus,
555 2584 768 2641 Ptolemaeus.
809 2587 858 2641 Ex
879 2584 927 2642 his
950 2585 1079 2666 Antigo-
1102 2603 1118 2642 2

121 2682 181 2720 nus
208 2661 240 2718 in
267 2659 410 2738 proelio,
440 2681 538 2740 quum
562 2661 714 2732 adversus
745 2659 914 2719 Seleucum
942 2663 1079 2726 Lysima-

123 2739 283 2818 cbumque
305 2737 485 2812 dimicaret,
507 2738 630 2796 occisus
653 2748 710 2795 est.
751 2737 826 2796 Pari
849 2738 916 2796 leto
943 2728 1079 2800 allectus

97 2839 99 2843 ’
121 2828 171 2876 est
186 2815 386 2893 Lysimachus
409 2837 426 2873 a
447 2815 593 2874 Seleuco.
617 2817 712 2890 Nam,
736 2815 889 2876 socictate
909 2814 1077 2895 dissoluta,

119 2895 243 2955 bellum
276 2893 359 2955 inter
390 2913 424 2954 se
453 2904 629 2974 gesserunt.
671 2894 714 2952 At
747 2893 950 2970 Demetrius,
981 2898 1118 2978 quum3

158 3054 318 3072 κ

174 3141 198 3209 ι)
217 3140 298 3192 codd.
317 3140 365 3190 Ax.
378 3139 494 3205 Guelpb.
514 3140 547 3188 al.
559 3148 656 3203 gente,¹
674 3155 696 3186 v.
711 3139 779 3188 Stav.
801 3148 834 3188 et.
849 3141 927 3190 llcus.
944 3169 977 3180 -
995 3142 1022 3209 2)
1042 3143 1078 3190 ita

122 3211 244 3288 plerique
265 3207 346 3259 codd.
371 3235 402 3247 -
434 3209 468 3259 al.
494 3207 585 3256 artru's.
604 3205 701 3258 Lamb.
720 3206 867 3256 emendavit
886 3225 973 3258 aranos
992 3219 1079 3267 ιιιιιιιῑ

121 3285 148 3325 al
162 3275 331 3408 liiididdl'ds
352 3359 366 3390 e
385 3341 449 3390 cod
463 3339 541 3390 Voss.
559 3337 619 3388 edd.
637 3340 706 3386 Ullr.
722 3338 782 3386 Ald.
798 3341 910 3405 Longol.
923 3350 973 3392 cat.
994 3369 1024 3380 -
1044 3343 1078 3391 nl.

123 3410 226 3474 ntogni.
243 3437 275 3450 -
295 3406 328 3471 4)
349 3407 423 3456 deest
441 3407 507 3457 baec
525 3423 575 3468 vox
594 3421 608 3454 a
628 3405 707 3455 codd.
728 3406 775 3454 Ax.
795 3408 871 3456 Voss.
888 3407 923 3457 Β.
