2564 3872
400 379 497 450 xvh,
519 392 708 448 sensimus.
729 380 822 457 4-6,
1061 404 1102 469 99

144 541 235 620 feeit,
263 555 299 606 ut
319 517 438 626 templa
459 542 595 606 deorum
615 553 720 606 sancta
740 541 893 620 haheret3
921 543 979 605 ssd
1006 543 1100 606 etiam

144 623 229 705 apud
244 625 398 686 barbaros
412 645 532 684 summa
551 625 707 706 religione
722 622 825 686 omnia
838 622 1002 685 simulacra
1017 645 1101 684 aras·

144 725 207 785 que
232 704 444 766 conservavit.
465 705 586 786 Itaque,
592 703 817 840 praedicabat,
837 703 946 762 mirari
964 724 1016 778 se,
1037 723 1102 764 neu
1120 698 1141 766 11

144 783 375 864 sacrilegorum
396 801 531 844 numero
551 781 592 842 ha
616 782 683 856 eri,
704 782 758 865 qui
778 781 975 862 supplicibus
988 797 1102 845 corum

142 863 325 922 nocuissent
330 883 341 942 3
374 873 429 922 aut
452 880 517 922 nen
547 861 748 942 gravioribus
800 862 888 923 uenia
913 861 1018 938 allici,
1046 862 1103 946 qui

142 942 335 1024 religionem
356 941 552 1016 minuerent,
577 961 672 1022 quam
694 940 750 1023 qui
785 961 842 1000 ana
862 943 1043 1021 spoliarent.
1103 993 1105 1000 ,

226 1019 266 1084 V.
289 1019 451 1081 Posthac
468 1019 626 1114 proelium
641 1021 793 1080 collatum
814 1031 863 1079 est
877 1039 970 1081 omne
984 1023 1104 1082 bellum
1128 1031 1140 1079 t

145 1099 231 1160 eirca
245 1100 451 1177 Corinthum,
470 1100 610 1183 ideoque
625 1098 825 1162 Corinthium
840 1111 890 1159 est
903 1101 1104 1182 appellatum,

143 1180 206 1240 Hic
223 1201 320 1262 quum
337 1201 398 1240 una
414 1200 520 1262 pugna
535 1180 647 1242 decem
666 1179 763 1240 millia
778 1178 933 1256 hostium,
954 1180 1103 1261 Agesilao
1125 1189 1143 1238 d

146 1259 248 1336 duce,
277 1261 484 1336 cecidissent,
511 1279 618 1342 eoque
638 1258 725 1321 facto
747 1279 827 1340 opes
850 1259 1106 1322 adversariorum

146 1338 331 1420 debilitatae
340 1340 545 1403 viderentur:
557 1351 677 1400 tantum
687 1338 790 1400 abfuit
805 1338 844 1400 ab
857 1339 1024 1402 insolentia
1038 1339 1107 1421 glo*

145 1419 230 1496 riae,
258 1432 295 1480 ut
316 1421 554 1482 commiseratus
578 1419 618 1480 sit
638 1417 800 1480 fortunam
821 1419 992 1495 Graeciae,
1019 1417 1106 1512 quod

145 1507 211 1558 tam
233 1500 365 1560 multia
388 1521 422 1562 sa
449 1499 526 1562 vieti
553 1498 633 1562 vitio
665 1497 921 1562 adversariorum
950 1498 1107 1560 concidis·

67 1588 69 1594 ’
147 1590 233 1639 sent:
262 1599 399 1662 namque
419 1580 472 1642 illa
495 1579 717 1655 multitudine,
748 1579 774 1639 si
802 1598 875 1640 sana
900 1598 990 1640 mens
1021 1581 1107 1639 esset
1135 1641 1137 1645 Α

145 1658 320 1733 Graeciae,
347 1659 539 1740 supplicium
564 1659 682 1720 Persas
711 1657 788 1719 dare
821 1657 974 1750 pepuisse,
1015 1654 1144 1720 ldem3

146 1759 243 1820 quum
268 1737 468 1801 adversarios
488 1738 570 1798 intra
592 1737 718 1798 moenis
739 1737 961 1817 compulisset,
991 1749 1041 1812 et,
1067 1749 1105 1798 ut

146 1817 336 1878 Corinthum
358 1828 574 1898 oppugnaret,
595 1815 685 1875 multi
705 1814 927 1890 hortarentur,
955 1818 1101 1898 negavit,

144 1897 178 1956 id
207 1917 283 1957 suae
304 1895 417 1958 virtuti
438 1895 628 1956 convenire:
659 1913 695 1954 se
715 1894 798 1953 enim
822 1914 894 1953 euin
916 1911 985 1963 esse
1006 1896 1102 1967 dixit,

146 1975 203 2058 qui
225 1975 265 2034 ad
286 1973 433 2034 efficium
455 1984 625 2054 peccantes
644 1973 752 2034 redire
773 1983 925 2054 cogeret,
943 1992 1024 2042 non,
1048 1975 1104 2056 qui

145 2053 245 2116 urbes
273 2053 482 2113 nobilissimas
512 2063 709 2134 expugnaret
738 2051 902 2112 Graeciae,
954 2054 1032 2113 Nam
1059 2055 1143 2131 si,la'

144 2134 263 2217 inquit,
284 2151 340 2194 ees
354 2131 557 2216 exstinguere
572 2132 784 2208 voluerimus,
805 2130 860 2214 qui
870 2130 1036 2198 nobiscum
1050 2135 1103 2195 ad·

146 2233 257 2277 versus
280 2212 435 2274 barbares
456 2224 631 2288 steterunt,
651 2212 837 2309 nosmetipsi
860 2232 917 2272 nos
944 2225 1103 2296 expugna-

147 2292 301 2368 verimus,
321 2293 384 2352 illis
401 2292 648 2375 quiescentibus.
677 2291 752 2383 Quo
772 2292 859 2356 laete
875 2291 943 2354 eine
960 2296 1102 2378 negotio,

145 2371 440 2456 quumvveluerilnt,
461 2392 519 2434 nes
541 2373 734 2454 oppriment.
781 2447 782 2452 η
877 2416 879 2420 -
1199 2421 1202 2428 ,

223 2452 279 2513 Vl.
312 2453 442 2512 Interim
463 2453 579 2513 accidit
598 2452 652 2512 illa
677 2452 833 2513 calamitas
859 2452 943 2535 apttd
964 2447 1102 2514 Leuctra
1127 2467 1137 2513 t

143 2531 422 2592 Iraeedaemoniist
444 2548 509 2612 que
529 2552 569 2591 ne
590 2529 869 2611 proficisceretur,
890 2553 988 2614 quum
1003 2553 1019 2590 a
1034 2533 1111 2612 ples.

144 2611 253 2692 risque
278 2607 318 2668 ad
332 2607 510 2668 exeundum
547 2619 746 2684 temeretur,
767 2620 803 2668 ut
824 2609 903 2670 side
921 2611 1007 2672 exitu
1023 2612 1103 2673 divi-

143 2699 252 2762 naret,
273 2686 362 2746 exire
382 2686 490 2746 noluit.
521 2630 627 2760 iilem,
648 2707 745 2768 quum
759 2688 992 2767 Epaminondas
1007 2689 1104 2768 Spar*
1143 2743 1145 2750 ,

142 2781 207 2836 tam
220 2777 437 2850 oppugnaret,
458 2777 609 2846 essetque
620 2765 691 2826 sine
710 2767 808 2826 muris
822 2766 992 2846 oppidum,
1007 2769 1103 2827 talem

144 2869 178 2908 se
191 2848 420 2926 imperatorem
436 2843 603 2924 praebuit,
620 2859 656 2904 ut
668 2864 710 2905 eo
726 2855 875 2926 tempore
890 2845 1035 2906 omnibus
1049 2867 1113 2928 ape,

143 2927 303 3010 paruerit,
319 2924 377 2984 nisi
390 2923 444 2984 ille
459 2922 588 3001 l’uisset,
602 2924 748 3005 Spartam
761 2923 902 2988 fututam
916 2944 979 2984 nen
992 2925 1113 2993 luisse„

144 3011 178 3068 ln
199 3026 264 3089 quo
282 3004 411 3090 quidem
427 3001 610 3064 discrimine
626 3005 773 3064 celeritas
788 3003 855 3064 eius
874 2995 996 3064 consilii
1010 3007 1102 3066 saluti
1123 3012 1141 3062 tl

143 3087 205 3148 tuit
226 3083 393 3146 universis.
416 3083 495 3142 Nam
517 3097 616 3165 quum
636 3083 764 3168 quidam
781 3083 1026 3162 adolescentuli,
1045 3077 1102 3146 ho-

144 3167 239 3227 stium
264 3164 403 3228 adventu
433 3163 617 3243 perterriti,
646 3165 686 3222 ad
708 3153 875 3224 Thebanus·
899 3166 1102 3246 transl'hget'e

144 3247 282 3314 vellent,
317 3254 348 3303 et
377 3243 485 3304 locum
512 3254 601 3304 extra
632 3242 746 3322 urbem
774 3243 893 3304 editum
926 3245 1102 3324 cepissent:¹

143 3314 327 3407 Agesilaus,
364 3323 418 3404 qui
456 3322 756 3402 perniciosissimum
786 3323 860 3384 sete
899 3317 1042 3400 videret,
1077 3322 1109 3386 si,

145 3403 398 3464 animadversum
422 3415 523 3479 esset,
559 3422 751 3486 quemqnam
772 3403 811 3463 ad
835 3405 943 3465 hostes
965 3403 1102 3464 translata

819 3523 939 3609 a*
