2524 3872
198 441 238 506 bb
413 497 415 502 ,
497 436 551 500 tv.
572 455 760 500 suesanus.
781 436 810 500 3.
830 445 862 509 t.

223 600 382 664 etentibus
409 593 617 658 conveniendi
639 613 704 656 non
728 595 842 672 dabat;
865 593 1006 676 superbe
1026 611 1165 676 respon·

198 623 374 814 debatffet,
386 671 415 756 6)
433 673 609 736 crudeliter
624 665 808 756 imperabat.
830 675 975 756 Spartam
987 673 1097 734 redire
1105 695 1164 735 no·

198 759 295 820 iebat.
316 760 361 818 Co
377 771 464 829 onas,
485 755 541 836 qui
564 754 654 815 locus
675 754 707 814 in
728 774 806 836 agro
831 746 966 814 Troadis
982 747 1012 833 ⁷)
1034 761 1102 828 est,
1126 771 1164 812 se

199 838 395 900 contulerat:
412 833 458 893 ibi
479 833 610 916 consilia
626 838 724 915 quum
738 832 879 914 patriae,
898 844 968 892 tum
987 819 1046 892 sibi
1060 827 1166 892 inimi-

158 925 239 992 4ca
261 912 414 996 capiebat.
454 913 490 972 ld
510 917 682 994 postquam
706 909 951 973 Lacedaemonii
971 909 1166 987 rescierunt,

199 995 322 1076 legatos
343 985 383 1052 ad
404 1012 478 1052 eum
498 1007 571 1070 cum
591 991 709 1068 scytale
737 989 908 1065 miserunt,
931 988 963 1048 in
987 1007 1050 1071 qua
1070 1007 1164 1050 more

199 1073 329 1132 illorum
349 1082 419 1132 erat
440 1069 612 1150 scriptum:
635 1066 694 1128 nisi
715 1065 845 1132 domum
864 1078 1105 1144 reverteretur,
1128 1086 1165 1126 so
1211 1129 1213 1132 ,

161 1151 181 1214 6
201 1145 312 1232 capitis
336 1165 410 1222 eum
427 1143 637 1208 damnaturos.
662 1149 735 1208 Hoc
752 1147 860 1207 nuntio
875 1154 1069 1221 commotus,
1090 1165 1165 1226 spe·

200 1248 290 1304 rans,
311 1243 346 1288 se
368 1223 462 1287 etiam
482 1223 551 1285 suu
571 1221 706 1305 pecunia
728 1221 760 1286 et
780 1221 925 1306 potentia
942 1225 1058 1285 instans
1077 1223 1165 1304 peri-

201 1305 308 1374 culum
328 1304 621 1386 possedepellere,
643 1304 774 1365 domum
789 1304 896 1366 rediit.
919 1306 993 1364 Huc
1009 1313 1046 1362 ut
1064 1302 1165 1378 venit,

200 1387 239 1447 ab
263 1384 392 1466 ephoris
420 1383 452 1444 in
476 1383 601 1444 vincula
628 1383 758 1476 publica
783 1385 947 1444 coniectus
971 1393 1028 1442 est.
1070 1381 1166 1442 Licet

201 1463 286 1526 enim
306 1463 431 1543 legibus
453 1482 566 1522 eorum
591 1461 691 1524 curris
717 1461 840 1543 ephoro
864 1461 927 1522 hoc
950 1460 1060 1536 facere
1081 1460 1164 1541 regi.

201 1540 285 1602 Hinc
305 1555 411 1601 tamen
435 1561 470 1602 se
498 1531 676 1620 expedititg
703 1543 810 1623 neq'ue
839 1550 878 1601 eo'
905 1539 1004 1620 magis
1033 1538 1165 1599 carebat

200 1619 391 1702 suspicione.
429 1617 508 1679 Nem
526 1614 633 1698 opinio
651 1620 814 1693 manebat,
837 1639 909 1679 eum
927 1637 1000 1678 cum
1014 1625 1093 1698 rege
1110 1617 1165 1676 ha·

161 1697 181 1770 (t
202 1699 282 1759 bere
298 1683 493 1776 sociebate‘m.
520 1699 579 1757 Est
591 1717 690 1779 genus
705 1697 866 1780 quoddam
879 1687 1059 1770 hominum,
1076 1695 1166 1778 quod

202 1779 302 1838 Ilotae
326 1773 357 1855 8)
380 1786 533 1852 vocatur,
562 1779 700 1858 quor'um
729 1797 843 1856 magna
871 1772 1042 1835 multitudo
1068 1793 1085 1832 a
1109 1795 1165 1835 ros

200 1855 528 1916 Lacedaemoniorum
556 1855 650 1931 colit,
675 1859 909 1992 servorumtp'p'ie
935 1861 1068 1913 munere
1087 1793 1164 1913 iun·

223 1935 299 1995 itur.
318 1934 387 1995 Hos
408 1937 539 2018 quoque
561 1933 733 1994 sollicitare
757 1934 815 2013 spe
836 1933 859 1992 l1
883 1931 991 1994 ertatis
1008 1928 1165 1992 existima.

160 2037 181 2094 7
201 1955 305 2074 fiatur.
339 2013 405 2072 Sed
426 2013 514 2096 quod
529 2007 642 2071 harum
657 2015 769 2072 rerum
782 2011 904 2071 nullum
926 2016 996 2071 erat
1017 2021 1165 2089 apertum

203 2093 341 2164 crimen,
359 2107 424 2172 quo
442 2091 533 2171 argui
546 2101 666 2168 posset,
688 2111 751 2150 nou
766 2087 935 2170 piriabant,
956 2087 996 2148 de
1012 2088 1069 2147 tali
1085 2099 1166 2148 tam·

202 2189 267 2250 que
289 2169 379 2228 claro
399 2169 468 2228 viro
494 2170 545 2227 siis
570 2162 724 2229 icionibus
749 2179 900 2248 oportere
926 2166 1079 2242 iudicari,
1106 2167 1166 2228 sed

202 2245 449 2328 exspectandum
464 2239 513 2325 9),
558 2256 613 2304 um
637 2247 672 2304 be
692 2227 762 2326 ipsa
780 2267 833 2308 res
855 2245 1005 2326 aperiret.

256 2327 310 2386 IV.
332 2323 612 2404 luterimAr'giiius
626 2323 769 2406 quidam,
785 2323 1052 2399 adolescentulus,
1067 2343 1166 2406 quem

201 2423 340 2486 puerum
363 2402 532 2461 Pausanias
563 2423 671 2462 amore
697 2403 848 2465 Venereo
870 2403 1042 2476 dilexerat,
1065 2423 1167 2484 quum

203 2482 370 2562 epistolam
391 2479 429 2538 ab
453 2501 493 2542 eo
506 2478 555 2558 ,ad
569 2480 768 2556 ¹Artabazum
790 2481 981 2561 accepisset,
1008 2481 1103 2562 eique
1131 2479 1167 2542 in

203 2560 413 2640 suspicionem
436 2559 594 2634 venisset,
638 2561 757 2642 aliquid
776 2561 807 2619 in
829 2581 867 2620 ca
885 2559 925 2618 de
945 2578 980 2620 se
1001 2579 1071 2618 esse
1087 2559 1166 2618 scri·

202 2650 304 2719 ptum,
319 2636 406 2719 quod
420 2639 513 2698 nemo
528 2658 641 2698 eorum
655 2635 812 2712 rediisset,
834 2637 890 2720 qui
897 2645 994 2717 super
1006 2637 1061 2697 tali
1070 2656 1166 2698 causa

203 2716 318 2778 eodem
342 2715 427 2774 missi
449 2728 556 2792 erant3
580 2705 704 2778 vincula
725 2717 879 2798 epistolae
903 2715 1037 2792 laxavit,
1058 2715 1166 2797 signo-

204 2814 268 2877 que
290 2794 435 2855 detracto
458 2794 626 2887 cognovit,
647 2797 673 2855 si
692 2795 894 2876 pertulisset,
916 2793 976 2852 sibi
999 2813 1068 2854 esse
1088 2814 1166 2876 per·

163 2890 181 2932 s
205 2871 352 2934 eundum.
377 2873 477 2934 Erant
498 2897 529 2934 sn
550 2873 662 2941 eadem
676 2871 828 2953 epistola,
846 2885 932 2955 quae
949 2865 990 2931 ad
1005 2889 1042 2932 ea
1064 2873 1166 2952 perti·

96 3021 98 3028 y
202 2951 337 3030 nebant,
355 2971 436 3034 quae
450 2948 534 3016 inter
549 2972 660 3036 regem
674 2953 923 3034 Pausaniamque
938 2963 1164 3014 convenerant.

251 3199 286 3263 6)
316 3208 342 3247 et
357 3198 434 3251 deest
458 3201 485 3251 in
507 3199 591 3252 codd.
612 3194 730 3270 Guelph.
751 3203 799 3252 Ax.
818 3202 853 3250 al.
877 3221 911 3238 ι-
932 3197 962 3264 7)
981 3195 1085 3248 Daehn.
1101 3213 1164 3248 cum

201 3265 289 3315 brem.
309 3274 336 3316 et
362 3267 462 3317 Giinth.
485 3267 560 3318 dedit
572 3267 690 3320 Troade.
710 3299 743 3308 -
761 3268 794 3326 8)
812 3266 881 3317 hanc
899 3267 1061 3334 scripturum
1080 3265 1163 3315 codd.

201 3340 324 3396 tuentum
342 3335 435 3384 Lamb.
454 3335 614 3384 ul.Helotes.
625 3330 820 3384 Ultr.Halotae.
843 3357 878 3372 ·-
890 3333 1019 3393 9)Brem.
1037 3329 1117 3382 Bnrd.
1137 3347 1163 3382 e.

203 3397 283 3450 codd.
310 3401 359 3450 Ar.
382 3400 498 3466 Guetph.
525 3402 560 3450 sd.
585 3401 718 3452 dederunt
744 3411 770 3449 et
794 3397 1016 3467 exspectandum.
1051 3397 1086 3450 At
1109 3397 1162 3452 vid·

202 3467 305 3518 Giiutb.
324 3465 358 3516 ad
376 3465 401 3515 b.
416 3469 435 3519 l.
453 3474 533 3532 utque
551 3466 595 3518 ed.
613 3465 689 3516 Heid.
708 3465 742 3517 ud
762 3467 866 3519 Dabam.
885 3465 938 3531 Vl,
956 3464 982 3530 4.
1008 3504 1017 3512 .
