<?xml version="1.0" encoding="UTF-8"?>
<!DOCTYPE html PUBLIC "-//W3C//DTD XHTML 1.0 Transitional//EN"
    "http://www.w3.org/TR/xhtml1/DTD/xhtml1-transitional.dtd">
<html xmlns="http://www.w3.org/1999/xhtml" xml:lang="en" lang="en">
 <head>
  <title>
</title>
<meta http-equiv="Content-Type" content="text/html;charset=utf-8" />
  <meta name='ocr-system' content='tesseract 3.04.00' />
  <meta name='ocr-capabilities' content='ocr_page ocr_carea ocr_par ocr_line ocrx_word'/>
</head>
<body>
  <div class='ocr_page' id='page_1' title='image "./quaeexstantadop00nepogoog_0035.png"; bbox 0 0 2524 3872; ppageno 0'>
   <div class='ocr_carea' id='block_1_1' title="bbox 348 453 1050 538">
    <p class='ocr_par' dir='ltr' id='par_1_1' title="bbox 348 453 1050 538">
     <span class='ocr_line' id='line_1_1' title="bbox 348 453 1050 538; baseline 0 -17"><span class='ocrx_word' id='word_1_1' title='bbox 348 453 387 521; x_wconf 81' lang='lat'><strong>11.</strong></span> <span class='ocrx_word' id='word_1_2' title='bbox 406 470 662 520; x_wconf 68' lang='lat' dir='ltr'><strong>maurosus.</strong></span> <span class='ocrx_word' id='word_1_3' title='bbox 685 465 716 531; x_wconf 72' lang='grc'><strong>4.</strong></span> <span class='ocrx_word' id='word_1_4' title='bbox 735 455 765 522; x_wconf 74' lang='lat' dir='ltr'><strong>t.</strong></span> <span class='ocrx_word' id='word_1_5' title='bbox 785 453 815 521; x_wconf 76' lang='lat' dir='ltr'><strong>h</strong></span> <span class='ocrx_word' id='word_1_6' title='bbox 1008 473 1050 538; x_wconf 72' lang='lat' dir='ltr'><strong>ss</strong></span> 
     </span>
    </p>
   </div>
   <div class='ocr_carea' id='block_1_2' title="bbox 37 607 1168 3126">
    <p class='ocr_par' dir='ltr' id='par_1_2' title="bbox 87 607 1051 767">
     <span class='ocr_line' id='line_1_2' title="bbox 88 607 1051 704; baseline 0.002 -32"><span class='ocrx_word' id='word_1_7' title='bbox 88 607 242 704; x_wconf 82' lang='lat' dir='ltr'><strong>explicari</strong></span> <span class='ocrx_word' id='word_1_8' title='bbox 260 628 324 672; x_wconf 86' lang='lat' dir='ltr'><strong>non</strong></span> <span class='ocrx_word' id='word_1_9' title='bbox 346 611 498 694; x_wconf 80' lang='lat' dir='ltr'><strong>potuerit.</strong></span> <span class='ocrx_word' id='word_1_10' title='bbox 536 610 650 676; x_wconf 83' lang='lat' dir='ltr'><strong>Victus</strong></span> <span class='ocrx_word' id='word_1_11' title='bbox 674 631 754 696; x_wconf 75' lang='lat' dir='ltr'><strong>ergo</strong></span> <span class='ocrx_word' id='word_1_12' title='bbox 778 623 828 676; x_wconf 90' lang='lat' dir='ltr'><strong>est</strong></span> <span class='ocrx_word' id='word_1_13' title='bbox 849 612 951 696; x_wconf 78' lang='lat' dir='ltr'><strong>magis</strong></span> <span class='ocrx_word' id='word_1_14' title='bbox 975 631 1051 677; x_wconf 85' lang='lat' dir='ltr'><strong>eon·</strong></span> 
     </span>
     <span class='ocr_line' id='line_1_3' title="bbox 87 687 851 767; baseline 0.004 -15"><span class='ocrx_word' id='word_1_15' title='bbox 87 689 160 754; x_wconf 80' lang='lat' dir='ltr'><strong>silio</strong></span> <span class='ocrx_word' id='word_1_16' title='bbox 185 687 426 767; x_wconf 87' lang='lat' dir='ltr'><strong>Themistoclis,</strong></span> <span class='ocrx_word' id='word_1_17' title='bbox 494 711 544 752; x_wconf 88' lang='lat' dir='ltr'><strong>sm</strong></span> <span class='ocrx_word' id='word_1_18' title='bbox 569 692 663 754; x_wconf 85' lang='lat' dir='ltr'><strong>armis</strong></span> <span class='ocrx_word' id='word_1_19' title='bbox 685 693 851 756; x_wconf 77' lang='lat' dir='ltr'><strong>Graeciae.</strong></span> 
     </span>
    </p>

    <p class='ocr_par' dir='ltr' id='par_1_3' title="bbox 87 766 1092 1933">
     <span class='ocr_line' id='line_1_4' title="bbox 170 766 1087 850; baseline 0.001 -20"><span class='ocrx_word' id='word_1_20' title='bbox 170 766 210 830; x_wconf 86' lang='lat' dir='ltr'><strong>V.</strong></span> <span class='ocrx_word' id='word_1_21' title='bbox 243 768 305 829; x_wconf 89' lang='lat' dir='ltr'><strong>Hie</strong></span> <span class='ocrx_word' id='word_1_22' title='bbox 330 769 390 830; x_wconf 88' lang='lat' dir='ltr'><strong>etsi</strong></span> <span class='ocrx_word' id='word_1_23' title='bbox 416 790 499 830; x_wconf 87' lang='lat' dir='ltr'><strong>mae</strong></span> <span class='ocrx_word' id='word_1_24' title='bbox 528 790 599 830; x_wconf 89' lang='lat' dir='ltr'><strong>rem</strong></span> <span class='ocrx_word' id='word_1_25' title='bbox 625 783 785 850; x_wconf 75' lang='lat' dir='ltr'><strong>gesserat,</strong></span> <span class='ocrx_word' id='word_1_26' title='bbox 817 783 923 832; x_wconf 87' lang='lat' dir='ltr'><strong>tamen</strong></span> <span class='ocrx_word' id='word_1_27' title='bbox 948 781 1050 831; x_wconf 86' lang='lat' dir='ltr'><strong>tantas</strong></span> <span class='ocrx_word' id='word_1_28' title='bbox 1074 789 1087 830; x_wconf 90' lang='grc' dir='ltr'>ι</span> 
     </span>
     <span class='ocr_line' id='line_1_5' title="bbox 87 844 1052 930; baseline 0.002 -24"><span class='ocrx_word' id='word_1_29' title='bbox 87 844 229 907; x_wconf 83' lang='lat' dir='ltr'><strong>habehat</strong></span> <span class='ocrx_word' id='word_1_30' title='bbox 247 847 307 908; x_wconf 90' lang='lat' dir='ltr'><strong>reli</strong></span> <span class='ocrx_word' id='word_1_31' title='bbox 332 847 397 910; x_wconf 86' lang='lat' dir='ltr'><strong>uias</strong></span> <span class='ocrx_word' id='word_1_32' title='bbox 421 848 603 928; x_wconf 89' lang='lat' dir='ltr'><strong>copiarum,</strong></span> <span class='ocrx_word' id='word_1_33' title='bbox 625 861 662 908; x_wconf 90' lang='lat' dir='ltr'><strong>ut</strong></span> <span class='ocrx_word' id='word_1_34' title='bbox 676 851 771 910; x_wconf 88' lang='lat' dir='ltr'><strong>etiam</strong></span> <span class='ocrx_word' id='word_1_35' title='bbox 791 869 863 911; x_wconf 88' lang='lat' dir='ltr'><strong>cum</strong></span> <span class='ocrx_word' id='word_1_36' title='bbox 879 848 927 909; x_wconf 86' lang='lat' dir='ltr'><strong>his</strong></span> <span class='ocrx_word' id='word_1_37' title='bbox 943 849 1052 930; x_wconf 86' lang='lat' dir='ltr'><strong>oppri-</strong></span> 
     </span>
     <span class='ocr_line' id='line_1_6' title="bbox 88 868 1053 1008; baseline 0 -22"><span class='ocrx_word' id='word_1_38' title='bbox 88 945 180 986; x_wconf 86' lang='lat' dir='ltr'><strong>mere</strong></span> <span class='ocrx_word' id='word_1_39' title='bbox 192 868 423 1006; x_wconf 81' lang='lat' dir='ltr'><strong>possetlrostes</strong></span> <span class='ocrx_word' id='word_1_40' title='bbox 436 926 477 1004; x_wconf 84' lang='lat'><strong>⁵).</strong></span> <span class='ocrx_word' id='word_1_41' title='bbox 504 929 623 987; x_wconf 88' lang='lat' dir='ltr'><strong>lterum</strong></span> <span class='ocrx_word' id='word_1_42' title='bbox 637 926 806 989; x_wconf 88' lang='lat' dir='ltr'><strong>abeodem</strong></span> <span class='ocrx_word' id='word_1_43' title='bbox 820 927 922 1008; x_wconf 78' lang='lat' dir='ltr'><strong>gradu</strong></span> <span class='ocrx_word' id='word_1_44' title='bbox 939 927 1053 1008; x_wconf 63' lang='lat' dir='ltr'><strong>depule</strong></span> 
     </span>
     <span class='ocr_line' id='line_1_7' title="bbox 87 1003 1053 1086; baseline 0 -20"><span class='ocrx_word' id='word_1_45' title='bbox 87 1021 143 1066; x_wconf 84' lang='lat' dir='ltr'><strong>sus</strong></span> <span class='ocrx_word' id='word_1_46' title='bbox 163 1015 221 1064; x_wconf 87' lang='lat' dir='ltr'><strong>est</strong></span> <span class='ocrx_word' id='word_1_47' title='bbox 260 1005 339 1064; x_wconf 88' lang='lat' dir='ltr'><strong>Nam</strong></span> <span class='ocrx_word' id='word_1_48' title='bbox 360 1003 591 1068; x_wconf 85' lang='lat' dir='ltr'><strong>Themistocles</strong></span> <span class='ocrx_word' id='word_1_49' title='bbox 605 1025 733 1082; x_wconf 86' lang='lat' dir='ltr'><strong>verens,</strong></span> <span class='ocrx_word' id='word_1_50' title='bbox 752 1026 793 1067; x_wconf 87' lang='lat' dir='ltr'><strong>ne</strong></span> <span class='ocrx_word' id='word_1_51' title='bbox 806 1005 927 1066; x_wconf 89' lang='lat' dir='ltr'><strong>bellare</strong></span> <span class='ocrx_word' id='word_1_52' title='bbox 941 1025 1053 1086; x_wconf 66' lang='lat' dir='ltr'><strong>perse-</strong></span> 
     </span>
     <span class='ocr_line' id='line_1_8' title="bbox 88 1081 1052 1166; baseline 0.001 -22"><span class='ocrx_word' id='word_1_53' title='bbox 88 1093 230 1158; x_wconf 80' lang='lat' dir='ltr'><strong>veraret,</strong></span> <span class='ocrx_word' id='word_1_54' title='bbox 251 1081 424 1144; x_wconf 79' lang='lat' dir='ltr'><strong>certiorem</strong></span> <span class='ocrx_word' id='word_1_55' title='bbox 443 1081 626 1160; x_wconf 83' lang='lat' dir='ltr'><strong>eumfacit,</strong></span> <span class='ocrx_word' id='word_1_56' title='bbox 645 1083 763 1166; x_wconf 80' lang='lat' dir='ltr'><strong>id&#39;agi,</strong></span> <span class='ocrx_word' id='word_1_57' title='bbox 782 1097 819 1145; x_wconf 90' lang='lat' dir='ltr'><strong>ut</strong></span> <span class='ocrx_word' id='word_1_58' title='bbox 834 1101 933 1165; x_wconf 86' lang='lat' dir='ltr'><strong>pons,</strong></span> <span class='ocrx_word' id='word_1_59' title='bbox 953 1101 1052 1165; x_wconf 80' lang='lat' dir='ltr'><strong>quem</strong></span> 
     </span>
     <span class='ocr_line' id='line_1_9' title="bbox 88 1159 1052 1240; baseline 0 -18"><span class='ocrx_word' id='word_1_60' title='bbox 88 1161 145 1222; x_wconf 86' lang='lat' dir='ltr'><strong>ille</strong></span> <span class='ocrx_word' id='word_1_61' title='bbox 165 1159 198 1221; x_wconf 89' lang='lat' dir='ltr'><strong>in</strong></span> <span class='ocrx_word' id='word_1_62' title='bbox 219 1160 331 1222; x_wconf 82' lang='lat' dir='ltr'><strong>Helles</strong></span> <span class='ocrx_word' id='word_1_63' title='bbox 356 1172 432 1226; x_wconf 91' lang='lat' dir='ltr'><strong>onto</strong></span> <span class='ocrx_word' id='word_1_64' title='bbox 455 1161 595 1238; x_wconf 83' lang='lat' dir='ltr'><strong>fecerat,</strong></span> <span class='ocrx_word' id='word_1_65' title='bbox 617 1162 865 1240; x_wconf 77' lang='lat' dir='ltr'><strong>dissolveretur,</strong></span> <span class='ocrx_word' id='word_1_66' title='bbox 885 1181 922 1222; x_wconf 91' lang='lat' dir='ltr'><strong>ae</strong></span> <span class='ocrx_word' id='word_1_67' title='bbox 944 1162 1052 1222; x_wconf 89' lang='lat' dir='ltr'><strong>reditu</strong></span> 
     </span>
     <span class='ocr_line' id='line_1_10' title="bbox 87 1181 1092 1324; baseline -0.003 -24"><span class='ocrx_word' id='word_1_68' title='bbox 87 1240 122 1300; x_wconf 90' lang='lat' dir='ltr'><strong>in</strong></span> <span class='ocrx_word' id='word_1_69' title='bbox 148 1237 255 1300; x_wconf 78' lang='lat' dir='ltr'><strong>Asiam</strong></span> <span class='ocrx_word' id='word_1_70' title='bbox 277 1181 522 1318; x_wconf 75' lang='lat' dir='ltr'><strong>excluderetur-3</strong></span> <span class='ocrx_word' id='word_1_71' title='bbox 551 1241 656 1324; x_wconf 89' lang='lat' dir='ltr'><strong>idque·</strong></span> <span class='ocrx_word' id='word_1_72' title='bbox 677 1241 708 1302; x_wconf 90' lang='lat' dir='ltr'><strong>ci</strong></span> <span class='ocrx_word' id='word_1_73' title='bbox 737 1241 902 1323; x_wconf 79' lang='lat' dir='ltr'><strong>persuasit.</strong></span> <span class='ocrx_word' id='word_1_74' title='bbox 941 1243 1092 1321; x_wconf 74' lang='lat' dir='ltr'><strong>ltaques</strong></span> 
     </span>
     <span class='ocr_line' id='line_1_11' title="bbox 89 1316 1051 1402; baseline 0.001 -25"><span class='ocrx_word' id='word_1_75' title='bbox 89 1339 154 1402; x_wconf 89' lang='lat' dir='ltr'><strong>qua</strong></span> <span class='ocrx_word' id='word_1_76' title='bbox 173 1338 230 1379; x_wconf 85' lang='lat' dir='ltr'><strong>sex</strong></span> <span class='ocrx_word' id='word_1_77' title='bbox 246 1317 406 1380; x_wconf 88' lang='lat' dir='ltr'><strong>mensibus</strong></span> <span class='ocrx_word' id='word_1_78' title='bbox 425 1319 489 1380; x_wconf 87' lang='lat' dir='ltr'><strong>iter</strong></span> <span class='ocrx_word' id='word_1_79' title='bbox 512 1318 653 1398; x_wconf 82' lang='lat' dir='ltr'><strong>fecerat,</strong></span> <span class='ocrx_word' id='word_1_80' title='bbox 677 1319 790 1381; x_wconf 85' lang='lat' dir='ltr'><strong>cadam</strong></span> <span class='ocrx_word' id='word_1_81' title='bbox 812 1320 915 1380; x_wconf 90' lang='lat' dir='ltr'><strong>minus</strong></span> <span class='ocrx_word' id='word_1_82' title='bbox 935 1316 1051 1378; x_wconf 88' lang='lat' dir='ltr'><strong>diebus</strong></span> 
     </span>
     <span class='ocr_line' id='line_1_12' title="bbox 88 1395 1053 1481; baseline -0.003 -22"><span class='ocrx_word' id='word_1_83' title='bbox 88 1396 220 1478; x_wconf 84' lang='lat' dir='ltr'><strong>triginta</strong></span> <span class='ocrx_word' id='word_1_84' title='bbox 239 1396 271 1457; x_wconf 92' lang='lat' dir='ltr'><strong>in</strong></span> <span class='ocrx_word' id='word_1_85' title='bbox 283 1397 392 1458; x_wconf 82' lang='lat' dir='ltr'><strong>Asiam</strong></span> <span class='ocrx_word' id='word_1_86' title='bbox 413 1417 563 1459; x_wconf 85' lang='lat' dir='ltr'><strong>reversus</strong></span> <span class='ocrx_word' id='word_1_87' title='bbox 585 1411 653 1476; x_wconf 87' lang='lat' dir='ltr'><strong>est,</strong></span> <span class='ocrx_word' id='word_1_88' title='bbox 677 1418 780 1481; x_wconf 90' lang='lat' dir='ltr'><strong>seque</strong></span> <span class='ocrx_word' id='word_1_89' title='bbox 798 1419 816 1458; x_wconf 88' lang='lat' dir='ltr'><strong>a</strong></span> <span class='ocrx_word' id='word_1_90' title='bbox 836 1395 1053 1458; x_wconf 82' lang='lat' dir='ltr'><strong>Themistocle</strong></span> 
     </span>
     <span class='ocr_line' id='line_1_13' title="bbox 89 1466 1092 1556; baseline -0.004 -20"><span class='ocrx_word' id='word_1_91' title='bbox 89 1495 154 1536; x_wconf 91' lang='lat' dir='ltr'><strong>non</strong></span> <span class='ocrx_word' id='word_1_92' title='bbox 169 1487 369 1556; x_wconf 86' lang='lat' dir='ltr'><strong>superatum,</strong></span> <span class='ocrx_word' id='word_1_93' title='bbox 390 1476 448 1539; x_wconf 87' lang='lat' dir='ltr'><strong>sed</strong></span> <span class='ocrx_word' id='word_1_94' title='bbox 463 1489 687 1540; x_wconf 84' lang='lat' dir='ltr'><strong>conservatum</strong></span> <span class='ocrx_word' id='word_1_95' title='bbox 700 1476 861 1539; x_wconf 83' lang='lat' dir='ltr'><strong>iudicavit.</strong></span> <span class='ocrx_word' id='word_1_96' title='bbox 886 1476 940 1536; x_wconf 81' lang='lat' dir='ltr'><strong>Sic</strong></span> <span class='ocrx_word' id='word_1_97' title='bbox 959 1473 1052 1534; x_wconf 82' lang='lat' dir='ltr'><strong>uarius</strong></span> <span class='ocrx_word' id='word_1_98' title='bbox 1072 1466 1092 1532; x_wconf 79' lang='grc'><strong>3</strong></span> 
     </span>
     <span class='ocr_line' id='line_1_14' title="bbox 90 1553 1056 1638; baseline -0.004 -22"><span class='ocrx_word' id='word_1_99' title='bbox 90 1553 154 1616; x_wconf 81' lang='lat' dir='ltr'><strong>viri</strong></span> <span class='ocrx_word' id='word_1_100' title='bbox 166 1554 336 1635; x_wconf 88' lang='lat' dir='ltr'><strong>prudentia</strong></span> <span class='ocrx_word' id='word_1_101' title='bbox 352 1555 486 1617; x_wconf 81' lang='lat' dir='ltr'><strong>Graecia</strong></span> <span class='ocrx_word' id='word_1_102' title='bbox 504 1557 640 1618; x_wconf 86' lang='lat' dir='ltr'><strong>liberata</strong></span> <span class='ocrx_word' id='word_1_103' title='bbox 660 1567 727 1633; x_wconf 91' lang='lat' dir='ltr'><strong>est,</strong></span> <span class='ocrx_word' id='word_1_104' title='bbox 746 1557 964 1638; x_wconf 85' lang='lat' dir='ltr'><strong>Europaeque</strong></span> <span class='ocrx_word' id='word_1_105' title='bbox 983 1571 1056 1612; x_wconf 58' lang='lat' dir='ltr'><strong>suc-¹</strong></span> 
     </span>
     <span class='ocr_line' id='line_1_15' title="bbox 90 1633 1056 1714; baseline 0.003 -21"><span class='ocrx_word' id='word_1_106' title='bbox 90 1633 204 1693; x_wconf 88' lang='lat' dir='ltr'><strong>cubuit</strong></span> <span class='ocrx_word' id='word_1_107' title='bbox 224 1633 308 1694; x_wconf 79' lang='lat' dir='ltr'><strong>Asia.</strong></span> <span class='ocrx_word' id='word_1_108' title='bbox 337 1636 436 1712; x_wconf 86' lang='lat' dir='ltr'><strong>Haec</strong></span> <span class='ocrx_word' id='word_1_109' title='bbox 452 1634 551 1696; x_wconf 88' lang='lat' dir='ltr'><strong>altera</strong></span> <span class='ocrx_word' id='word_1_110' title='bbox 569 1636 721 1714; x_wconf 74' lang='lat' dir='ltr'><strong>victoris,</strong></span> <span class='ocrx_word' id='word_1_111' title='bbox 797 1657 834 1696; x_wconf 91' lang='lat' dir='ltr'><strong>ae</strong></span> <span class='ocrx_word' id='word_1_112' title='bbox 856 1653 931 1696; x_wconf 88' lang='lat' dir='ltr'><strong>cum</strong></span> <span class='ocrx_word' id='word_1_113' title='bbox 953 1633 1056 1691; x_wconf 67' lang='lat' dir='ltr'><strong>Mars-</strong></span> 
     </span>
     <span class='ocr_line' id='line_1_16' title="bbox 90 1657 1055 1795; baseline -0.004 -23"><span class='ocrx_word' id='word_1_114' title='bbox 90 1709 203 1773; x_wconf 88' lang='lat' dir='ltr'><strong>thonio</strong></span> <span class='ocrx_word' id='word_1_115' title='bbox 255 1712 335 1774; x_wconf 87' lang='lat' dir='ltr'><strong>ossit</strong></span> <span class='ocrx_word' id='word_1_116' title='bbox 361 1713 540 1794; x_wconf 86' lang='lat' dir='ltr'><strong>comparari</strong></span> <span class='ocrx_word' id='word_1_117' title='bbox 567 1724 714 1795; x_wconf 88' lang='lat' dir='ltr'><strong>tropaeo.</strong></span> <span class='ocrx_word' id='word_1_118' title='bbox 751 1657 833 1776; x_wconf 46' lang='lat' dir='ltr'><strong>dlam</strong></span> <span class='ocrx_word' id='word_1_119' title='bbox 858 1711 930 1794; x_wconf 88' lang='lat' dir='ltr'><strong>pari</strong></span> <span class='ocrx_word' id='word_1_120' title='bbox 955 1709 1055 1770; x_wconf 88' lang='lat' dir='ltr'><strong>modo</strong></span> 
     </span>
     <span class='ocr_line' id='line_1_17' title="bbox 90 1733 1057 1872; baseline 0 -22"><span class='ocrx_word' id='word_1_121' title='bbox 90 1788 180 1870; x_wconf 83' lang='lat' dir='ltr'><strong>apud</strong></span> <span class='ocrx_word' id='word_1_122' title='bbox 200 1733 355 1852; x_wconf 70' lang='lat' dir='ltr'><strong>Salamina</strong></span> <span class='ocrx_word' id='word_1_123' title='bbox 381 1811 484 1872; x_wconf 84' lang='lat' dir='ltr'><strong>parvo</strong></span> <span class='ocrx_word' id='word_1_124' title='bbox 512 1811 646 1854; x_wconf 87' lang='lat' dir='ltr'><strong>numero</strong></span> <span class='ocrx_word' id='word_1_125' title='bbox 674 1793 801 1853; x_wconf 82' lang='lat' dir='ltr'><strong>navium</strong></span> <span class='ocrx_word' id='word_1_126' title='bbox 820 1791 955 1852; x_wconf 83' lang='lat' dir='ltr'><strong>maxima</strong></span> <span class='ocrx_word' id='word_1_127' title='bbox 980 1799 1057 1870; x_wconf 80' lang='lat' dir='ltr'><strong>post</strong></span> 
     </span>
     <span class='ocr_line' id='line_1_18' title="bbox 90 1866 819 1933; baseline 0.003 -7"><span class='ocrx_word' id='word_1_128' title='bbox 90 1866 256 1933; x_wconf 86' lang='lat' dir='ltr'><strong>hominum</strong></span> <span class='ocrx_word' id='word_1_129' title='bbox 276 1869 464 1928; x_wconf 87' lang='lat' dir='ltr'><strong>memoriam</strong></span> <span class='ocrx_word' id='word_1_130' title='bbox 483 1869 590 1930; x_wconf 87' lang='lat' dir='ltr'><strong>elassis</strong></span> <span class='ocrx_word' id='word_1_131' title='bbox 611 1881 660 1930; x_wconf 87' lang='lat' dir='ltr'><strong>est</strong></span> <span class='ocrx_word' id='word_1_132' title='bbox 684 1870 819 1931; x_wconf 82' lang='lat' dir='ltr'><strong>devicta.</strong></span> 
     </span>
    </p>

    <p class='ocr_par' dir='ltr' id='par_1_4' title="bbox 37 1943 1099 2968">
     <span class='ocr_line' id='line_1_19' title="bbox 174 1943 1093 2026; baseline -0.009 -18"><span class='ocrx_word' id='word_1_133' title='bbox 174 1945 229 2008; x_wconf 84' lang='lat' dir='ltr'><strong>Vl.</strong></span> <span class='ocrx_word' id='word_1_134' title='bbox 260 1947 392 2026; x_wconf 75' lang='lat' dir='ltr'><strong>Magnus</strong></span> <span class='ocrx_word' id='word_1_135' title='bbox 419 1945 483 2008; x_wconf 89' lang='lat' dir='ltr'><strong>hoe</strong></span> <span class='ocrx_word' id='word_1_136' title='bbox 513 1945 600 2008; x_wconf 90' lang='lat' dir='ltr'><strong>bello</strong></span> <span class='ocrx_word' id='word_1_137' title='bbox 628 1947 860 2010; x_wconf 85' lang='lat' dir='ltr'><strong>Themistocles</strong></span> <span class='ocrx_word' id='word_1_138' title='bbox 888 1943 969 2020; x_wconf 83' lang='lat' dir='ltr'><strong>fuit,</strong></span> <span class='ocrx_word' id='word_1_139' title='bbox 994 1956 1093 2004; x_wconf 77' lang='lat' dir='ltr'><strong>neos</strong></span> 
     </span>
     <span class='ocr_line' id='line_1_20' title="bbox 92 2022 1057 2114; baseline -0.005 -28"><span class='ocrx_word' id='word_1_140' title='bbox 92 2022 200 2086; x_wconf 88' lang='lat' dir='ltr'><strong>minor</strong></span> <span class='ocrx_word' id='word_1_141' title='bbox 216 2023 248 2084; x_wconf 92' lang='lat' dir='ltr'><strong>in</strong></span> <span class='ocrx_word' id='word_1_142' title='bbox 267 2043 358 2104; x_wconf 88' lang='lat' dir='ltr'><strong>pace.</strong></span> <span class='ocrx_word' id='word_1_143' title='bbox 398 2023 507 2109; x_wconf 86' lang='lat' dir='ltr'><strong>Quum</strong></span> <span class='ocrx_word' id='word_1_144' title='bbox 529 2023 613 2085; x_wconf 89' lang='lat' dir='ltr'><strong>enim</strong></span> <span class='ocrx_word' id='word_1_145' title='bbox 626 2025 796 2088; x_wconf 83' lang='lat' dir='ltr'><strong>Phalerico</strong></span> <span class='ocrx_word' id='word_1_146' title='bbox 815 2036 930 2106; x_wconf 88' lang='lat' dir='ltr'><strong>portu,</strong></span> <span class='ocrx_word' id='word_1_147' title='bbox 948 2039 1057 2114; x_wconf 68' lang='lat' dir='ltr'><strong>neque</strong></span> 
     </span>
     <span class='ocr_line' id='line_1_21' title="bbox 92 2100 1057 2197; baseline -0.001 -34"><span class='ocrx_word' id='word_1_148' title='bbox 92 2121 209 2184; x_wconf 80' lang='lat' dir='ltr'><strong>magno</strong></span> <span class='ocrx_word' id='word_1_149' title='bbox 236 2121 344 2197; x_wconf 74' lang='lat' dir='ltr'><strong>neque</strong></span> <span class='ocrx_word' id='word_1_150' title='bbox 373 2101 478 2178; x_wconf 86' lang='lat' dir='ltr'><strong>bono,</strong></span> <span class='ocrx_word' id='word_1_151' title='bbox 505 2102 715 2165; x_wconf 82' lang='lat' dir='ltr'><strong>Athenienses</strong></span> <span class='ocrx_word' id='word_1_152' title='bbox 746 2115 932 2180; x_wconf 83' lang='lat' dir='ltr'><strong>uterentur3</strong></span> <span class='ocrx_word' id='word_1_153' title='bbox 962 2100 1057 2162; x_wconf 82' lang='lat' dir='ltr'><strong>huius</strong></span> 
     </span>
     <span class='ocr_line' id='line_1_22' title="bbox 94 2180 1090 2264; baseline -0.004 -22"><span class='ocrx_word' id='word_1_154' title='bbox 94 2180 228 2242; x_wconf 88' lang='lat' dir='ltr'><strong>consilio</strong></span> <span class='ocrx_word' id='word_1_155' title='bbox 249 2180 368 2263; x_wconf 78' lang='lat' dir='ltr'><strong>triplex</strong></span> <span class='ocrx_word' id='word_1_156' title='bbox 383 2181 512 2242; x_wconf 88' lang='lat' dir='ltr'><strong>Piraeei</strong></span> <span class='ocrx_word' id='word_1_157' title='bbox 530 2194 643 2264; x_wconf 85' lang='lat' dir='ltr'><strong>portus</strong></span> <span class='ocrx_word' id='word_1_158' title='bbox 664 2183 855 2244; x_wconf 89' lang='lat' dir='ltr'><strong>constitutus</strong></span> <span class='ocrx_word' id='word_1_159' title='bbox 877 2193 944 2258; x_wconf 89' lang='lat' dir='ltr'><strong>eat,</strong></span> <span class='ocrx_word' id='word_1_160' title='bbox 964 2180 1057 2262; x_wconf 87' lang='lat' dir='ltr'><strong>isque</strong></span> <span class='ocrx_word' id='word_1_161' title='bbox 1079 2201 1090 2213; x_wconf 56' lang='lat'><em>*</em></span> 
     </span>
     <span class='ocr_line' id='line_1_23' title="bbox 93 2258 1057 2342; baseline -0.007 -20"><span class='ocrx_word' id='word_1_162' title='bbox 93 2259 262 2322; x_wconf 85' lang='lat' dir='ltr'><strong>moenibus</strong></span> <span class='ocrx_word' id='word_1_163' title='bbox 295 2259 526 2338; x_wconf 87' lang='lat' dir='ltr'><strong>circumdatus,</strong></span> <span class='ocrx_word' id='word_1_164' title='bbox 563 2272 600 2321; x_wconf 92' lang='lat' dir='ltr'><strong>ut</strong></span> <span class='ocrx_word' id='word_1_165' title='bbox 629 2261 731 2342; x_wconf 87' lang='lat' dir='ltr'><strong>ipsam</strong></span> <span class='ocrx_word' id='word_1_166' title='bbox 758 2260 873 2322; x_wconf 86' lang='lat' dir='ltr'><strong>urbem</strong></span> <span class='ocrx_word' id='word_1_167' title='bbox 902 2258 1057 2342; x_wconf 73' lang='lat' dir='ltr'><strong>dignitate</strong></span> 
     </span>
     <span class='ocr_line' id='line_1_24' title="bbox 94 2335 1098 2420; baseline -0.005 -22"><span class='ocrx_word' id='word_1_168' title='bbox 94 2338 334 2419; x_wconf 85' lang='lat' dir='ltr'><strong>aequipararet,</strong></span> <span class='ocrx_word' id='word_1_169' title='bbox 355 2338 500 2402; x_wconf 87' lang='lat' dir='ltr'><strong>utilitate.</strong></span> <span class='ocrx_word' id='word_1_170' title='bbox 512 2351 690 2420; x_wconf 87' lang='lat' dir='ltr'><strong>superaret.</strong></span> <span class='ocrx_word' id='word_1_171' title='bbox 729 2339 819 2400; x_wconf 86' lang='lat' dir='ltr'><strong>Idem</strong></span> <span class='ocrx_word' id='word_1_172' title='bbox 831 2359 941 2400; x_wconf 90' lang='lat' dir='ltr'><strong>muros</strong></span> <span class='ocrx_word' id='word_1_173' title='bbox 958 2335 1058 2396; x_wconf 83' lang='lat' dir='ltr'><strong>Athe·</strong></span> <span class='ocrx_word' id='word_1_174' title='bbox 1077 2341 1098 2386; x_wconf 62' lang='grc' dir='ltr'><strong><em>Β</em></strong></span> 
     </span>
     <span class='ocr_line' id='line_1_25' title="bbox 95 2415 1059 2510; baseline -0.004 -34"><span class='ocrx_word' id='word_1_175' title='bbox 95 2415 249 2476; x_wconf 86' lang='lat' dir='ltr'><strong>niensium</strong></span> <span class='ocrx_word' id='word_1_176' title='bbox 271 2415 410 2478; x_wconf 88' lang='lat' dir='ltr'><strong>restituit</strong></span> <span class='ocrx_word' id='word_1_177' title='bbox 425 2419 600 2510; x_wconf 86' lang='lat' dir='ltr'><strong>praecipuo</strong></span> <span class='ocrx_word' id='word_1_178' title='bbox 628 2418 776 2498; x_wconf 85' lang='lat' dir='ltr'><strong>periculo</strong></span> <span class='ocrx_word' id='word_1_179' title='bbox 802 2437 874 2476; x_wconf 88' lang='lat' dir='ltr'><strong>suo.</strong></span> <span class='ocrx_word' id='word_1_180' title='bbox 913 2418 993 2475; x_wconf 88' lang='lat' dir='ltr'><strong>Nam</strong></span> <span class='ocrx_word' id='word_1_181' title='bbox 1018 2431 1059 2472; x_wconf 89' lang='lat' dir='ltr'><strong>ue</strong></span> 
     </span>
     <span class='ocr_line' id='line_1_26' title="bbox 95 2492 1060 2576; baseline -0.009 -20"><span class='ocrx_word' id='word_1_182' title='bbox 95 2493 360 2570; x_wconf 86' lang='lat' dir='ltr'><strong>Lacedaemonii,</strong></span> <span class='ocrx_word' id='word_1_183' title='bbox 385 2514 510 2555; x_wconf 88' lang='lat' dir='ltr'><strong>causam</strong></span> <span class='ocrx_word' id='word_1_184' title='bbox 529 2497 676 2556; x_wconf 81' lang='lat' dir='ltr'><strong>idoneam</strong></span> <span class='ocrx_word' id='word_1_185' title='bbox 691 2496 775 2556; x_wconf 91' lang='lat' dir='ltr'><strong>nacti</strong></span> <span class='ocrx_word' id='word_1_186' title='bbox 797 2505 933 2576; x_wconf 91' lang='lat' dir='ltr'><strong>propter</strong></span> <span class='ocrx_word' id='word_1_187' title='bbox 946 2492 1004 2552; x_wconf 88' lang='lat' dir='ltr'><strong>har</strong></span> <span class='ocrx_word' id='word_1_188' title='bbox 1027 2510 1060 2548; x_wconf 88' lang='lat' dir='ltr'><strong>a·</strong></span> 
     </span>
     <span class='ocr_line' id='line_1_27' title="bbox 96 2570 1061 2656; baseline -0.006 -22"><span class='ocrx_word' id='word_1_189' title='bbox 96 2592 209 2634; x_wconf 87' lang='lat' dir='ltr'><strong>rorum</strong></span> <span class='ocrx_word' id='word_1_190' title='bbox 223 2573 446 2646; x_wconf 84' lang='lat' dir='ltr'><strong>excursiones,</strong></span> <span class='ocrx_word' id='word_1_191' title='bbox 482 2593 522 2632; x_wconf 90' lang='lat' dir='ltr'><strong>ua</strong></span> <span class='ocrx_word' id='word_1_192' title='bbox 536 2588 707 2656; x_wconf 82' lang='lat' dir='ltr'><strong>negarent,</strong></span> <span class='ocrx_word' id='word_1_193' title='bbox 724 2584 879 2655; x_wconf 86' lang='lat' dir='ltr'><strong>oportere</strong></span> <span class='ocrx_word' id='word_1_194' title='bbox 897 2583 989 2632; x_wconf 83' lang='lat' dir='ltr'><strong>extra</strong></span> <span class='ocrx_word' id='word_1_195' title='bbox 997 2570 1061 2627; x_wconf 86' lang='lat' dir='ltr'><strong>Pe·</strong></span> 
     </span>
     <span class='ocr_line' id='line_1_28' title="bbox 96 2593 1061 2732; baseline -0.006 -21"><span class='ocrx_word' id='word_1_196' title='bbox 96 2651 308 2730; x_wconf 87' lang='lat' dir='ltr'><strong>loponnesum</strong></span> <span class='ocrx_word' id='word_1_197' title='bbox 323 2650 420 2709; x_wconf 89' lang='lat' dir='ltr'><strong>ullam</strong></span> <span class='ocrx_word' id='word_1_198' title='bbox 435 2593 549 2710; x_wconf 50' lang='lat' dir='ltr'><strong>ur‘liem</strong></span> <span class='ocrx_word' id='word_1_199' title='bbox 563 2673 671 2714; x_wconf 88' lang='lat' dir='ltr'><strong>muros</strong></span> <span class='ocrx_word' id='word_1_200' title='bbox 689 2653 720 2732; x_wconf 79' lang='grc'><strong>6)</strong></span> <span class='ocrx_word' id='word_1_201' title='bbox 736 2649 876 2723; x_wconf 88' lang='lat' dir='ltr'><strong>hahere,</strong></span> <span class='ocrx_word' id='word_1_202' title='bbox 896 2669 936 2709; x_wconf 92' lang='lat' dir='ltr'><strong>ne</strong></span> <span class='ocrx_word' id='word_1_203' title='bbox 955 2653 1061 2708; x_wconf 85' lang='lat' dir='ltr'><strong>essent</strong></span> 
     </span>
     <span class='ocr_line' id='line_1_29' title="bbox 96 2726 1060 2811; baseline -0.006 -23"><span class='ocrx_word' id='word_1_204' title='bbox 96 2729 169 2790; x_wconf 90' lang='lat' dir='ltr'><strong>loca</strong></span> <span class='ocrx_word' id='word_1_205' title='bbox 196 2729 331 2805; x_wconf 91' lang='lat' dir='ltr'><strong>munita,</strong></span> <span class='ocrx_word' id='word_1_206' title='bbox 362 2747 444 2810; x_wconf 83' lang='lat' dir='ltr'><strong>quae</strong></span> <span class='ocrx_word' id='word_1_207' title='bbox 469 2727 577 2790; x_wconf 88' lang='lat' dir='ltr'><strong>hostes</strong></span> <span class='ocrx_word' id='word_1_208' title='bbox 602 2732 821 2811; x_wconf 86' lang='lat' dir='ltr'><strong>possiderent,</strong></span> <span class='ocrx_word' id='word_1_209' title='bbox 850 2726 1060 2788; x_wconf 82' lang='lat' dir='ltr'><strong>Athenienses</strong></span> 
     </span>
     <span class='ocr_line' id='line_1_30' title="bbox 97 2790 1099 2887; baseline -0.008 -17"><span class='ocrx_word' id='word_1_210' title='bbox 97 2805 300 2870; x_wconf 86' lang='lat' dir='ltr'><strong>aedificantes</strong></span> <span class='ocrx_word' id='word_1_211' title='bbox 322 2805 497 2887; x_wconf 85' lang='lat' dir='ltr'><strong>prohibere</strong></span> <span class='ocrx_word' id='word_1_212' title='bbox 515 2818 594 2868; x_wconf 87' lang='lat' dir='ltr'><strong>sunt</strong></span> <span class='ocrx_word' id='word_1_213' title='bbox 624 2809 737 2870; x_wconf 84' lang='lat' dir='ltr'><strong>conati.</strong></span> <span class='ocrx_word' id='word_1_214' title='bbox 778 2809 850 2867; x_wconf 85' lang='lat' dir='ltr'><strong>Hoc</strong></span> <span class='ocrx_word' id='word_1_215' title='bbox 873 2805 969 2885; x_wconf 83' lang='lat' dir='ltr'><strong>longe</strong></span> <span class='ocrx_word' id='word_1_216' title='bbox 985 2790 1099 2862; x_wconf 69' lang='lat' dir='ltr'><strong>uici</strong></span> 
     </span>
     <span class='ocr_line' id='line_1_31' title="bbox 37 2879 1062 2968; baseline -0.006 -23"><span class='ocrx_word' id='word_1_217' title='bbox 37 2919 39 2922; x_wconf 95' lang='lat'>·</span> <span class='ocrx_word' id='word_1_218' title='bbox 97 2907 113 2946; x_wconf 89' lang='lat' dir='ltr'><strong>s</strong></span> <span class='ocrx_word' id='word_1_219' title='bbox 138 2885 278 2961; x_wconf 77' lang='lat' dir='ltr'><strong>octabas,</strong></span> <span class='ocrx_word' id='word_1_220' title='bbox 300 2897 396 2968; x_wconf 88' lang='lat' dir='ltr'><strong>atque</strong></span> <span class='ocrx_word' id='word_1_221' title='bbox 420 2883 524 2944; x_wconf 81' lang='lat' dir='ltr'><strong>videri</strong></span> <span class='ocrx_word' id='word_1_222' title='bbox 548 2887 704 2950; x_wconf 83' lang='lat' dir='ltr'><strong>volebant</strong></span> <span class='ocrx_word' id='word_1_223' title='bbox 744 2883 957 2946; x_wconf 77' lang='lat' dir='ltr'><strong>Athenienses</strong></span> <span class='ocrx_word' id='word_1_224' title='bbox 978 2879 1062 2940; x_wconf 80' lang='lat' dir='ltr'><strong>enim</strong></span> 
     </span>
    </p>

    <p class='ocr_par' dir='ltr' id='par_1_5' title="bbox 99 2962 1168 3126">
     <span class='ocr_line' id='line_1_32' title="bbox 124 2962 1062 3049; baseline -0.003 -27"><span class='ocrx_word' id='word_1_225' title='bbox 124 2962 223 3024; x_wconf 88' lang='lat' dir='ltr'><strong>uabus</strong></span> <span class='ocrx_word' id='word_1_226' title='bbox 252 2964 411 3040; x_wconf 82' lang='lat' dir='ltr'><strong>victoriis,</strong></span> <span class='ocrx_word' id='word_1_227' title='bbox 446 2962 641 3024; x_wconf 87' lang='lat' dir='ltr'><strong>Marathonia</strong></span> <span class='ocrx_word' id='word_1_228' title='bbox 670 2979 704 3028; x_wconf 87' lang='lat' dir='ltr'><strong>et</strong></span> <span class='ocrx_word' id='word_1_229' title='bbox 732 2962 918 3037; x_wconf 85' lang='lat' dir='ltr'><strong>Salaminia,</strong></span> <span class='ocrx_word' id='word_1_230' title='bbox 945 2970 1062 3049; x_wconf 72' lang='lat' dir='ltr'><strong>tantam</strong></span> 
     </span>
     <span class='ocr_line' id='line_1_33' title="bbox 99 3040 1168 3126; baseline -0.004 -25"><span class='ocrx_word' id='word_1_231' title='bbox 99 3042 236 3126; x_wconf 81' lang='lat' dir='ltr'><strong>gloriam</strong></span> <span class='ocrx_word' id='word_1_232' title='bbox 258 3044 346 3124; x_wconf 88' lang='lat' dir='ltr'><strong>apud</strong></span> <span class='ocrx_word' id='word_1_233' title='bbox 365 3061 475 3104; x_wconf 88' lang='lat' dir='ltr'><strong>omnes</strong></span> <span class='ocrx_word' id='word_1_234' title='bbox 504 3054 615 3125; x_wconf 83' lang='lat' dir='ltr'><strong>gentes</strong></span> <span class='ocrx_word' id='word_1_235' title='bbox 639 3057 730 3108; x_wconf 87' lang='lat' dir='ltr'><strong>erant</strong></span> <span class='ocrx_word' id='word_1_236' title='bbox 750 3040 932 3120; x_wconf 81' lang='lat' dir='ltr'><strong>consecuti,</strong></span> <span class='ocrx_word' id='word_1_237' title='bbox 954 3049 995 3100; x_wconf 85' lang='lat' dir='ltr'><strong>ut</strong></span> <span class='ocrx_word' id='word_1_238' title='bbox 1016 3056 1064 3097; x_wconf 81' lang='lat' dir='ltr'><strong>aa·</strong></span> <span class='ocrx_word' id='word_1_239' title='bbox 1166 3080 1168 3084; x_wconf 86' lang='lat'><em>-</em></span> 
     </span>
    </p>
   </div>
   <div class='ocr_carea' id='block_1_3' title="bbox 101 3276 1139 3485">
    <p class='ocr_par' dir='ltr' id='par_1_6' title="bbox 101 3276 1139 3485">
     <span class='ocr_line' id='line_1_34' title="bbox 168 3276 1139 3346; baseline -0.001 -15"><span class='ocrx_word' id='word_1_240' title='bbox 168 3282 184 3331; x_wconf 86' lang='lat'><strong>5</strong></span> <span class='ocrx_word' id='word_1_241' title='bbox 215 3281 293 3346; x_wconf 76' lang='lat' dir='ltr'><strong>vulgo</strong></span> <span class='ocrx_word' id='word_1_242' title='bbox 311 3276 435 3342; x_wconf 80' lang='lat' dir='ltr'><strong>interim,</strong></span> <span class='ocrx_word' id='word_1_243' title='bbox 457 3278 491 3330; x_wconf 80' lang='lat' dir='ltr'><strong>ci.</strong></span> <span class='ocrx_word' id='word_1_244' title='bbox 511 3277 614 3330; x_wconf 79' lang='lat' dir='ltr'><strong>Giinth.</strong></span> <span class='ocrx_word' id='word_1_245' title='bbox 738 3343 740 3346; x_wconf 21' lang='grc' dir='ltr'>Ι</span> <span class='ocrx_word' id='word_1_246' title='bbox 1137 3337 1139 3342; x_wconf 68' lang='lat'><strong>,</strong></span> 
     </span>
     <span class='ocr_line' id='line_1_35' title="bbox 168 3334 1063 3412; baseline -0.011 -15"><span class='ocrx_word' id='word_1_247' title='bbox 168 3347 186 3397; x_wconf 89' lang='grc'><strong>6</strong></span> <span class='ocrx_word' id='word_1_248' title='bbox 222 3362 316 3398; x_wconf 80' lang='lat' dir='ltr'><strong>muros</strong></span> <span class='ocrx_word' id='word_1_249' title='bbox 341 3348 421 3412; x_wconf 78' lang='lat' dir='ltr'><strong>vulgo</strong></span> <span class='ocrx_word' id='word_1_250' title='bbox 448 3347 589 3397; x_wconf 83' lang='lat' dir='ltr'><strong>omittitur.</strong></span> <span class='ocrx_word' id='word_1_251' title='bbox 612 3343 715 3396; x_wconf 78' lang='lat' dir='ltr'><strong>Giinth.</strong></span> <span class='ocrx_word' id='word_1_252' title='bbox 743 3341 812 3393; x_wconf 75' lang='lat' dir='ltr'><strong>hane</strong></span> <span class='ocrx_word' id='word_1_253' title='bbox 835 3355 930 3394; x_wconf 77' lang='lat' dir='ltr'><strong>votem</strong></span> <span class='ocrx_word' id='word_1_254' title='bbox 957 3351 973 3392; x_wconf 79' lang='lat' dir='ltr'><strong>t</strong></span> <span class='ocrx_word' id='word_1_255' title='bbox 999 3334 1063 3389; x_wconf 77' lang='lat' dir='ltr'><strong>ted.</strong></span> 
     </span>
     <span class='ocr_line' id='line_1_36' title="bbox 101 3404 1064 3485; baseline -0.013 -17"><span class='ocrx_word' id='word_1_256' title='bbox 101 3415 179 3470; x_wconf 82' lang='lat' dir='ltr'><strong>Leid·</strong></span> <span class='ocrx_word' id='word_1_257' title='bbox 197 3416 226 3466; x_wconf 86' lang='grc' dir='ltr'><strong>Β.</strong></span> <span class='ocrx_word' id='word_1_258' title='bbox 244 3413 380 3478; x_wconf 84' lang='lat' dir='ltr'><strong>restituit,</strong></span> <span class='ocrx_word' id='word_1_259' title='bbox 407 3414 493 3464; x_wconf 81' lang='lat' dir='ltr'><strong>Brenn</strong></span> <span class='ocrx_word' id='word_1_260' title='bbox 511 3411 536 3480; x_wconf 74' lang='grc'><strong>4.</strong></span> <span class='ocrx_word' id='word_1_261' title='bbox 558 3413 671 3485; x_wconf 85' lang='lat' dir='ltr'><strong>recepit.</strong></span> <span class='ocrx_word' id='word_1_262' title='bbox 693 3409 772 3466; x_wconf 77' lang='lat' dir='ltr'><strong>sard.</strong></span> <span class='ocrx_word' id='word_1_263' title='bbox 794 3415 823 3462; x_wconf 82' lang='lat' dir='ltr'><strong>et</strong></span> <span class='ocrx_word' id='word_1_264' title='bbox 845 3405 947 3466; x_wconf 74' lang='lat' dir='ltr'><strong>Dselsn·</strong></span> <span class='ocrx_word' id='word_1_265' title='bbox 969 3404 1064 3458; x_wconf 69' lang='lat' dir='ltr'><strong>arton</strong></span> 
     </span>
    </p>
   </div>
   <div class='ocr_carea' id='block_1_4' title="bbox 23 3477 556 3548">
    <p class='ocr_par' dir='ltr' id='par_1_7' title="bbox 23 3477 556 3548">
     <span class='ocr_line' id='line_1_37' title="bbox 23 3477 556 3548; baseline -0.028 -8"><span class='ocrx_word' id='word_1_266' title='bbox 23 3539 26 3548; x_wconf 74' lang='grc'><strong>,</strong></span> <span class='ocrx_word' id='word_1_267' title='bbox 103 3482 211 3536; x_wconf 64' lang='lat' dir='ltr'><strong>som.</strong></span> <span class='ocrx_word' id='word_1_268' title='bbox 229 3483 263 3535; x_wconf 83' lang='lat' dir='ltr'><strong>al.</strong></span> <span class='ocrx_word' id='word_1_269' title='bbox 283 3477 380 3533; x_wconf 79' lang='lat' dir='ltr'><strong>urbem</strong></span> <span class='ocrx_word' id='word_1_270' title='bbox 401 3477 505 3537; x_wconf 68' lang='lat' dir='ltr'><strong>deberi.</strong></span> <span class='ocrx_word' id='word_1_271' title='bbox 521 3507 556 3526; x_wconf 84' lang='grc'><strong>.-</strong></span> 
     </span>
    </p>
   </div>
   <div class='ocr_carea' id='block_1_5' title="bbox 0 0 1286 3872">
    <p class='ocr_par' dir='ltr' id='par_1_8' title="bbox 0 0 1286 3872">
     <span class='ocr_line' id='line_1_38' title="bbox 0 0 1286 3872; baseline 0 0"><span class='ocrx_word' id='word_1_272' title='bbox 0 0 1286 3872; x_wconf 95' lang='lat' dir='ltr'><strong> </strong></span> 
     </span>
    </p>
   </div>
  </div>
 </body>
</html>
