2564 3872
193 402 250 466 ιιθ
487 393 548 460 XX
576 409 758 456 caucasea.
780 387 852 468 ’Μ

187 555 332 649 strues,
353 544 638 632 delndc'corintlso
657 551 823 635 arcessivit
836 549 987 630 colonos,
1005 551 1094 636 quod
1107 553 1151 614 ab
1182 616 1189 621 ,

149 635 235 699 slsis
259 633 348 698 initio
368 631 542 712 Syracusae
562 641 654 692 eraut
681 631 838 692 conditae.
879 629 1010 692 Civibus
1032 631 1152 694 veteri·

185 713 248 778 bus
271 732 328 774 sua
346 709 503 787 restituit3
529 709 620 772 noris
642 706 730 770 bello
750 706 953 771 vacuefactas
975 709 1154 790 possessio·

186 812 244 858 uos
257 790 363 854 divisit
371 807 381 864 ;
402 787 531 852 urbium
545 788 669 848 moenia
683 785 815 848 disiecta
829 786 966 872 fanaque
982 787 1110 848 deserta
1123 787 1152 866 ¹)

187 867 322 946 refecit3
349 865 528 930 civitatibus
550 865 639 946 leges
661 863 843 926 libertatem
866 884 907 924 ue
931 865 1088 938 reddidit3
1111 885 1153 927 ex

122 1007 126 1016 ,
187 947 324 1012 maximo
355 944 442 1009 bello
466 956 587 1008 tautum
612 943 713 1006 otium
737 954 824 1004 totae
844 887 878 1020 Q
901 942 1022 1004 insulae
1047 943 1154 1006 conci·

186 1023 292 1101 liarit,
312 1035 349 1087 ut
369 1023 421 1086 hie
446 1023 593 1088 conditor
616 1022 744 1084 urbium
765 1041 894 1095 earum,
917 1041 981 1082 non
1004 1021 1068 1098 illi,
1089 1022 1146 1104 qui

106 1101 111 1108 ’
145 1102 168 1170 8
188 1102 277 1166 initio
294 1102 508 1176 deduxerant,
529 1100 707 1164 videretur.
728 1101 848 1163 Arcem
862 1099 1043 1178 Syracusis,
1058 1121 1155 1182 quam

188 1181 353 1244 munierat
367 1179 536 1262 Dionysius
558 1178 598 1240 ad
621 1177 735 1239 urbem
757 1178 982 1254 obsidendam,
1003 1201 1021 1239 a
1041 1177 1155 1240 funda·

189 1259 303 1320 mentis
319 1257 459 1332 disiecit3
479 1268 588 1318 cetera
601 1255 773 1339 tyrannidis
789 1257 1030 1338 propugnacula
1044 1257 1157 1318 demo·

188 1335 263 1399 litus
286 1347 351 1411 est,
372 1334 525 1418 deditque
548 1354 697 1418 operam,
724 1345 760 1395 ut
788 1357 883 1416 qnam
907 1335 1033 1396 minime
1053 1335 1157 1394 multa

149 1423 171 1493 4
191 1415 325 1497 vestigia
344 1413 506 1474 servitutis
524 1423 700 1475 manerent.
736 1412 845 1501 Quum
865 1413 959 1474 tantis
980 1424 1065 1476 esset
1085 1412 1156 1493 opi·

189 1493 268 1568 bus,
289 1503 324 1554 ut
345 1491 439 1552 etiam
460 1489 565 1552 invitis
579 1490 739 1569 imperare
780 1503 865 1552 osset
872 1512 882 1569 3
906 1503 1027 1552 tantum
1048 1501 1155 1550 autem

189 1569 325 1634 haberet
348 1587 490 1630 amorem
514 1567 654 1635 omnium
675 1511 877 1648 Sicilianm,
899 1580 934 1630 ut
953 1569 1041 1632 nullo
1059 1588 1155 1631 recu-

92 1663 95 1668 ·
190 1659 426 1730 santcreguum
440 1645 616 1709 obtineret:
631 1646 742 1710 maluit
756 1666 791 1710 so
807 1647 914 1729 diligi,
979 1665 1029 1707 am
1043 1647 1153 1708 metui.

189 1727 318 1808 ltaque,
339 1743 437 1808 quum
454 1725 592 1806 primum
604 1724 728 1806 potuit,
748 1724 918 1808 imperium
933 1669 978 1784 dd
999 1725 1100 1796 osirit,
1121 1737 1156 1785 et

213 1803 333 1864 rivatus
358 1803 540 1882 Syracusis,
564 1801 653 1884 quod
675 1802 836 1894 reliquum
857 1804 941 1867 vitae
981 1802 1045 1879 uit,
1065 1803 1154 1864 vixit.

151 1883 172 1946 ὅ
222 1901 305 1966 eque
336 1901 417 1944 vero
454 1881 488 1944 id
516 1880 664 1962 imperita
697 1877 784 1949 fecit.
824 1883 903 1943 Nam
934 1881 1021 1964 quod
1052 1882 1156 1944 ceteri

191 1981 285 2096 reqes
314 1959 451 2040 imperio
482 1969 675 2052 potuerunt,
702 1957 754 2020 hic
786 1957 1011 2028 benovolentia
1041 1951 1154 2020 tenuit.

187 2041 243 2102 Nu
256 2039 303 2100 lus
325 2037 426 2102 honos
445 2037 519 2098 huic
539 2035 659 2110 defu1t3
679 2055 786 2173 nethue
807 2050 918 2117 postca
939 2058 992 2099 res
1013 2039 1077 2100 ulls
1099 2038 1154 2116 sy-

192 2115 311 2178 racusis
331 2127 421 2194 gesta
440 2128 490 2180 est
507 2115 637 2199 publice
660 2111 709 2192 ³),
754 2135 850 2198 equa
871 2117 960 2207 prius
982 2116 1023 2175 sit
1042 2115 1155 2176 decre·

149 2190 169 2258 6
189 2204 272 2266 tum,
286 2213 381 2278 quam
395 2191 604 2254 Timoleontis
620 2191 774 2254 sententia
789 2205 922 2275 cognita.
947 2193 1070 2256 Nullius
1085 2214 1155 2252 um·

192 2290 289 2356 quam
310 2269 476 2332 consilium
502 2290 566 2346 uon
585 2269 683 2330 modo
710 2271 902 2339 antelatum,
930 2269 988 2332 sed
1005 2290 1046 2334 uc
1068 2278 1154 2332 com-

217 2359 339 2408 aratum
362 2346 492 2430 quidem
514 2357 571 2409 est.
611 2349 726 2439 Neque
752 2349 785 2412 id
809 2350 907 2435 magis
931 2348 1155 2414 benevolentis

192 2367 315 2494 iactum
334 2435 399 2497 est,
422 2443 516 2508 quam
533 2423 713 2507 prudentia.

274 2503 329 2565 IV.
353 2502 416 2565 Hic
441 2522 539 2587 quum
564 2513 667 2566 aetate
687 2503 750 2566 iam
771 2517 946 2589 proveetus
967 2516 1067 2580 essct,
1087 2503 1154 2568 siue

193 2579 261 2645 ullo
282 2578 397 2644 morbo
420 2579 537 2642 lumina
558 2582 727 2646 oculorum
750 2583 863 2645 amisit.
904 2584 1009 2672 Quam
1032 2583 1156 2646 calami·

193 2667 291 2722 tatem
311 2657 354 2721 ita
374 2658 540 2724 moderate
559 2658 653 2735 tulit,
681 2671 718 2722 ut
740 2679 846 2742 neque
868 2681 943 2725 eum
966 2673 1156 2744 querentem

155 2805 159 2814 ,
195 2735 362 2827 quisquam
376 2737 530 2812 audierit,
549 2755 655 2822 neque
679 2755 719 2800 co
735 2739 837 2801 minus
855 2739 985 2822 privatis
1007 2738 1155 2821 publicis-

154 2830 173 2878 ο
195 2834 259 2900 que
280 2814 378 2877 rebus
399 2814 591 2878 interfuerit.
630 2814 790 2880 Veniebat
809 2828 916 2880 autem
932 2817 965 2880 in
983 2817 1156 2892 theatrum,

191 2911 290 2976 quum
309 2891 353 2954 ihi
377 2891 545 2955 concilium
564 2892 677 2983 populi
696 2892 889 2970 haberetur,
910 2906 1047 2980 propter
1068 2895 1153 2956 vale·

193 2969 336 3034 tudinem
356 2981 468 3032 rectus
491 2969 636 3032 iumentis
656 2971 790 3049 iunctis,
817 2983 913 3057 atque
933 2971 978 3036 ita
1001 2973 1042 3040 de
1066 2971 1156 3034 vehi-

195 3046 288 3126 culo,
310 3065 391 3134 quae
405 3046 625 3128 videbantur,
637 3046 765 3114 dicebat
769 3067 783 3133 3
802 3049 908 3137 neque
921 3049 985 3120 hoc
1001 3050 1049 3116 illi
1070 3049 1156 3136 quis-

207 3209 387 3230 m

249 3290 274 3361 ι)
293 3291 410 3409 fflaedd.
430 3301 493 3344 vett.
510 3293 572 3350 edd.
592 3293 688 3350 deleta.
715 3324 749 3340 ι-
777 3295 838 3350 cod.
856 3295 947 3348 Mend.
966 3303 1090 3348 neutram
1107 3311 1155 3344 vo·

195 3375 255 3417 cem
274 3357 290 3408 h
329 3367 372 3422 et,
391 3359 427 3412 cl.
449 3359 551 3412 Daehn.
575 3389 608 3402 -
630 3363 658 3430 a)
676 3365 713 3412 ita
729 3362 800 3413 Guel
821 3361 847 3412 h.
868 3363 923 3414 Gis.
942 3391 976 3422 q·
993 3363 1028 3418 al.
1046 3361 1108 3426 toti·
1122 3385 1157 3403 ·-

195 3425 223 3502 3)
242 3427 279 3482 iu
297 3425 357 3480 Bos.
368 3435 389 3482 'e
409 3425 470 3482 cod·
488 3428 579 3487 Boeol.
597 3454 631 3472 -
653 3430 731 3496 vulgo
752 3445 791 3500 pu
808 3429 871 3482 lica.
