2524 3872
198 877 202 888 ’
307 944 620 1031 uonnnnn
658 944 947 1032 nunonis

496 1140 544 1246 V
578 1141 598 1242 1
632 1139 683 1244 T
717 1139 762 1241 A

231 1357 380 1421 suun.
401 1335 517 1422 nonu.
547 1359 706 1424 vossio
738 1358 1023 1424 coumnunrn.

352 1555 354 1562 ,
394 1517 453 1600 [De
473 1521 638 1582 Historict's
660 1517 732 1582 Lot.
754 1523 777 1582 l.
804 1522 864 1606 sla]

537 1739 723 1756 m

209 1895 399 1960 Continuus
419 1900 530 1962 Nnros
552 1902 586 1961 et'
608 1912 680 1962 ante
703 1900 848 1961 Caesaris
867 1897 1073 1974 dictaturam,
1097 1909 1131 1958 et

128 2003 169 2047 eo
193 1985 370 2069 dictatore,
401 2005 434 2057 et
454 2005 584 2075 postea,
611 1995 700 2057 vixit.
740 1996 954 2076 Hieronymus
973 1993 1006 2054 in
1028 1991 1131 2054 Chro-

4 2157 5 2162 1
126 2081 201 2146 uico
215 2083 397 2148 Eusebiano
411 2087 516 2149 retent
536 2090 625 2152 illum
640 2092 681 2152 ad
695 2112 809 2153 annum
822 2087 958 2173 Augusti
973 2099 1129 2171 quartum.

127 2178 195 2238 Nec
220 2179 367 2263 cuiquam
391 2205 587 2268 repugnem,
611 2186 774 2270 colligenti
794 2185 885 2262 inde,
910 2195 978 2246 tum
1001 2185 1131 2246 demum

130 2270 295 2356 divulgare
317 2295 354 2337 ea
375 2280 521 2361 coepisse
546 2303 662 2364 opera,
687 2282 801 2367 quibus
822 2279 956 2342 maxime
975 2281 1131 2345 inclaruit.

5 2417 6 2420 ,
130 2369 212 2429 Padi
231 2383 301 2433 erat
321 2378 446 2451 accola,
473 2389 556 2440 teste
580 2377 702 2452 Plinio,
724 2379 781 2440 lib.
801 2380 861 2456 111,
882 2397 953 2458 cap.
971 2380 1024 2457 183
1046 2378 1132 2440 unde

130 2464 256 2528 Catullo
293 2471 521 2553 epigrammate
553 2472 658 2555 primo
689 2473 802 2549 italus,
840 2471 983 2534 Ausonio
1010 2483 1133 2550 autern,

131 2561 223 2642 epist.
240 2571 291 2640 alp,
316 2566 425 2628 Gallus
446 2582 598 2630 vocatur:
624 2587 741 2648 nempe
767 2565 841 2649 quia
867 2566 957 2626 ltalia
977 2569 1134 2650 Transpa-

4 2663 12 2732 ξ’
132 2657 211 2720 dana
241 2659 404 2724 diceretur
429 2662 530 2726 Gallia
555 2675 672 2748 togata.
712 2665 765 2723 De
794 2661 877 2742 urbe
909 2663 1012 2742 patria
1043 2663 1134 2748 quid·

132 2777 226 2838 quam
242 2777 277 2818 se
298 2757 417 2820 habere
441 2763 597 2840 comperti
616 2772 712 2844 negat
731 2759 818 2820 Elias
834 2759 988 2837 Vinctus,
1008 2760 1040 2822 in
1056 2761 1133 2822 Aus.
1201 2763 1204 2784 ⁶

132 2854 222 2934 ldyll.
243 2877 273 2935 7.
316 2855 361 2916 At
387 2855 607 2919 Veronensem
633 2854 752 2933 fuisse,
779 2854 811 2916 in
837 2854 976 2915 Leandri
1005 2855 1134 2916 Alherti

132 2949 219 3010 ltalia
239 2949 331 3032 lego:
356 2951 404 3012 uti
428 2964 461 3013 et
482 2951 513 3012 in
535 2949 785 3034 Cosmographia
809 2950 921 3031 optimi
945 2962 1039 3034 atque
1060 2950 1135 3010 ami·

6 3061 9 3068 ·
134 3044 250 3106 cissimi
270 3047 429 3129 qnondam
449 3047 527 3126 viri,
543 3047 635 3109 Pauli
658 3049 809 3110 Merulae.
850 3047 949 3108 Immo
971 3067 1011 3109 ex
1031 3049 1135 3112 Vero·

134 3141 277 3202 nensium
299 3142 527 3205 historicorum
551 3147 671 3226 syllabo
705 3147 817 3228 (quem
843 3142 1045 3204 doctissimus
1071 3163 1136 3202 am·

134 3237 357 3323 plissimusqne
396 3239 576 3302 Alexander
611 3235 779 3319 Becellns,
818 3239 1011 3305 Veronensis
1047 3235 1135 3297 urbis

137 3336 359 3414 cancellarius,
380 3337 476 3415 fecit,
500 3360 536 3400 ac
555 3335 783 3398 illustrissimus
805 3357 928 3413 comes,
949 3333 1136 3394 Fernandus

136 3432 314 3514 Nogarola,
336 3432 400 3511 vir,
426 3445 462 3496 ut
486 3454 622 3516 genere,
652 3433 695 3494 ita
715 3433 880 3495 literarum
901 3431 1024 3508 studio,
1047 3428 1136 3490 nobi-
