2564 3872
446 372 529 472 XIX.
548 407 708 449 attestor.
735 410 759 448 t.
780 409 808 450 2.

591 600 675 660 XIX.

474 728 798 792 PHOCION.

588 866 677 880 ff

509 961 764 1016 ARGUMENTUM.

222 1097 288 1164 Cap.
306 1097 329 1146 1.
351 1089 475 1148 Phocion
492 1098 562 1148 ritae
585 1097 739 1163 integritate
761 1097 852 1146 notior
869 1104 909 1146 est
927 1111 1006 1163 quam
1023 1097 1067 1145 rei
1082 1093 1154 1142 mili·

156 1163 218 1212 laris
236 1165 348 1228 labore3
367 1164 528 1229 cognomine
547 1167 641 1214 Bonus
664 1171 704 1214 est
722 1163 884 1230 appellatus.
908 1189 943 1202 -·
971 1162 1004 1210 11.
1022 1161 1107 1211 Senex
1126 1160 1154 1208 iu

151 1231 253 1288 ,odium
266 1231 360 1280 civium
380 1232 508 1298 pervenit.
543 1232 607 1280 Eius
628 1233 708 1296 culpa
726 1233 845 1282 lticonor
862 1231 974 1280 Piraeeo
992 1232 1102 1294 potitur.
1121 1255 1155 1266 -

154 1295 200 1348 111.
218 1299 307 1347 Patria
325 1301 432 1364 pulsus,
449 1314 528 1348 causa
549 1297 622 1364 apud
640 1297 803 1348 Macedones
824 1295 912 1360 dieta,
932 1294 1050 1345 Athenas
1069 1293 1155 1342 dedu·

155 1365 233 1413 citur.
261 1392 295 1402 —
320 1365 366 1414 lV.
389 1367 439 1415 llic
464 1365 586 1431 legitimis
612 1363 771 1430 quibusdam
791 1364 923 1414 conlectis
943 1360 977 1414 ad
994 1361 1156 1429 supplicium

154 1431 270 1480 traditur
289 1430 351 1497 (318
369 1449 392 1483 a.
413 1431 476 1484 Chr.
494 1429 543 1498 n).

151 1591 154 1596 ·
236 1565 258 1620 1.
285 1564 457 1638 Peneion,
484 1562 703 1637 Atheniensis,
724 1563 783 1622 etsi
804 1581 901 1644 saepe
923 1561 1115 1624 exercitibus
1141 1583 1151 1618 ι

154 1641 296 1721 prael'uit
317 1638 522 1731 summosque
543 1641 745 1721 magistratus
765 1641 868 1719 cepit,
889 1652 993 1702 temen
1014 1641 1116 1701 multo

151 1721 225 1780 'eius
245 1719 353 1780 notior
366 1719 530 1797 integritas
544 1719 647 1792 vitae,
668 1739 761 1799 quam
783 1719 831 1776 rei
851 1717 993 1778 militaris
1014 1719 1115 1780 labor.

155 1801 267 1879 Itaque
287 1796 555 1854 huius-‘memoria
579 1807 628 1855 est
648 1797 756 1868 nulla‚·
775 1794 857 1852 illius
880 1807 984 1854 autem
1005 1818 1054 1854 ma
1078 1817 1117 1855 na

155 1878 258 1937 lamas
284 1895 323 1932 ex
340 1892 404 1953 quo
421 1874 609 1952 cognomine
623 1877 732 1932 Bonus
750 1884 796 1931 est
818 1873 1001 1963 appellatus.
1043 1817 1119 1949 Ffluit
1139 1890 1157 1930 e

159 1953 245 2014 enirn
264 1962 424 2032 perpetuo
445 1970 586 2030 pauper,
609 1972 707 2031 quum
729 1949 931 2009 divitissimus
954 1969 1023 2009 esse
1045 1969 1119 2031 pos·

157 2043 208 2092 set
227 2041 363 2110 propter
380 2028 565 2110 irequentes
582 2029 704 2088 delatos
719 2028 856 2089 honores
875 2039 1116 2112 potestatesque

78 2183 81 2188 Ι
157 2129 312 2182 summas,
343 2127 424 2188 qnae
447 2107 516 2166 eia
541 2108 664 2188 populo
688 2107 852 2166 dabantur.
894 2107 956 2166 Hic
979 2129 1077 2189 quum
1101 2107 1158 2168 a3

156 2186 418 2269 regePhilippo¹
436 2207 568 2248 munera
588 2206 719 2268 magnae
739 2187 894 2278 pecuniae
918 2187 1120 2266 repudiaret,

155 2265 318 2358 legatique
330 2264 537 2325 hortarentur
550 2263 707 2346 accipere,
725 2265 882 2346 simulque
897 2265 1116 2340 admonerent,
1150 2299 1152 2303 ·

158 2346 185 2404 si
197 2365 267 2425 ipse
287 2343 335 2403 his
349 2343 442 2404 facile
462 2357 605 2419 careret,
626 2343 736 2402 liberis
756 2356 860 2404 tamen
874 2343 939 2404 suis
953 2345 1118 2424 prospice·

158 2435 227 2499 ret,
251 2423 366 2504 quibus
390 2421 519 2482 difficile
545 2435 630 2483 esset
655 2424 687 2481 in
708 2443 828 2482 summa
840 2433 1030 2503 paupertate
1050 2433 1117 2480 tan-

93 2532 96 2537 ·
157 2508 222 2562 tau‘t
250 2511 413 2582 paternam
431 2502 516 2559 tueri
541 2503 691 2580 gloriam:
712 2501 760 2559 his
781 2501 852 2576 ille,
875 2502 901 2560 si
922 2501 985 2561 mei
1000 2501 1117 2562 similes
1138 2508 1156 2572 ίι

159 2591 269 2652 erunt,
290 2577 375 2636 idem
390 2577 458 2651 hie,
477 2579 595 2659 inquit,
617 2579 736 2660 agellus
750 2579 821 2638 illos
836 2577 917 2652 alet,
940 2579 995 2659 qui
1007 2600 1060 2640 ms
1078 2580 1117 2639 ad

158 2658 240 2716 hano
261 2654 444 2747 dignitatem
467 2655 633 2734 perduxit3
658 2656 705 2715 sin
727 2655 893 2715 dissimiles
913 2668 986 2715 sunt
1006 2655 1119 2734 futuri,

154 2736 234 2796 'nolo
249 2753 327 2794 mets
342 2733 489 2814 impensis
505 2733 633 2794 illorum
655 2734 696 2793 ali
717 2733 891 2818 augerique
911 2733 1075 2812 luxuriam.

223 2815 259 2872 ll.
280 2813 369 2872 ldem
386 2833 483 2892 quum
497 2832 601 2894 prope
616 2813 655 2872 ad
670 2833 783 2871 annum
800 2811 1028 2892 octogesimum
1043 2835 1118 2906 pro·
1142 2838 1154 2874 ι

88 2931 92 2936 -
159 2905 254 2974 spera
283 2891 484 2976 pervenisset
511 2887 542 2969 9)
571 2891 716 2966 fortuna,
740 2890 890 2950 extremis
919 2902 984 2950 tem
1009 2893 1116 2955 oribus

160 2993 308 3054 magnum
330 2969 490 3028 inedium
509 2970 657 3048 pervenit
676 2987 807 3028 suorum
829 2969 955 3032 civium·
1023 2971 1117 3048 rimo,
1138 2991 1155 3034 a

162 3049 249 3132 quod
271 3069 342 3109 eum
353 3047 497 3109 Demade
519 3048 559 3109 de
582 3049 659 3109 urbe
680 3047 833 3108 tradenda
852 3048 1022 3131 Antipatro
1043 3069 1116 3113 cen·

170 3210 355 3242 ...ρ-..-

211 3286 240 3352 9)
259 3285 351 3336 Lamh.
369 3285 526 3344 maluisset,
544 3288 577 3334 al.
593 3285 795 3354 permansisset.
816 3283 886 3334 Ante
900 3284 1023 3350 Heusiug.
1038 3289 1118 3338 etiam

161 3355 238 3403 initio
266 3353 360 3420 capitis
377 3359 427 3418 pro
445 3349 518 3402 Idam
536 3355 615 3419 vulgo
639 3351 781 3419 legebatur
799 3349 910 3413 Eidem,
936 3353 1011 3418 quod
1032 3362 1071 3405 est
1090 3355 1117 3406 iu

162 3420 241 3470 codd.
260 3421 308 3469 Ar.
328 3417 443 3483 Guelph.
462 3417 506 3469 ed.
524 3418 578 3472 Ult.
597 3421 631 3474 al.

231 3501 312 3552 corn.
332 3501 430 3572 Nepos
529 3561 531 3563 ¹
939 3483 959 3544 8
