2524 3872
135 538 137 544 Ι
202 440 244 512 ιθ
455 443 494 506 11.
533 455 790 506 mmaocusa.
819 440 849 506 8.
872 445 902 514 t

162 611 362 680 aruerunt,
384 617 490 684 eoque
512 597 588 662 loco
611 617 720 662 omnes
744 595 941 660 interierunt.
982 595 1027 658 At
1055 595 1165 659 classis

201 679 376 744 communis
393 678 547 740 Graeciae
564 687 781 740 trecentarum
801 675 946 750 navium,
964 676 996 736 in
1019 695 1082 757 qua
1106 675 1167 738 du·

202 771 315 820 centae
331 769 422 818 eraut
436 757 686 832 Atheniensium,
704 755 842 837 primum
856 753 941 836 apud
948 753 1167 830 Artemisium,

201 837 287 900 inter
299 833 465 898 Euboeam
487 836 767 918 continentemque
782 845 924 909 terram,
948 853 1021 896 cum
1040 833 1168 894 classis»

202 916 257 976 riis
272 914 358 996 regis
372 913 522 976 conflixit.
549 913 717 995 Angustias
733 913 815 974 enim
822 912 1051 974 Themistocles
1068 931 1167 994 quae·

162 991 318 1068 arebat,-
345 1013 386 1053 ne
413 993 616 1058 multitudiue
648 992 879 1057 circumiretur.
919 991 981 1052 Hic
1011 993 1070 1051 etsi
1093 989 1168 1070 pari

203 1071 328 1154 proelio
344 1071 573 1148 discesserant,
592 1083 697 1132 tamen
719 1071 834 1132 eodem
848 1071 923 1136 loon
933 1088 998 1134 non
1010 1080 1083 1133 sunt
1096 1067 1168 1132 susi

203 1170 349 1210 manere:
379 1150 468 1233 quod
498 1162 567 1212 erat
590 1149 788 1230 periculum,
808 1169 868 1225 ne,
895 1149 922 1208 si
943 1168 1017 1242 pars
1037 1147 1168 1209 nauium

206 1227 462 1288 adversariorum
479 1227 646 1290 Euboeam
668 1239 867 1308 superasset,
891 1226 1019 1308 ancipiti
1039 1245 1169 1308 preme·

163 1315 185 1384 4
205 1317 318 1368 rentur
338 1306 494 1388 periculo.
533 1307 608 1397 Quo
628 1305 750 1370 factum
774 1308 840 1382 est,
866 1317 903 1367 ut
929 1305 969 1367 uh
991 1303 1167 1368 Artemisio

206 1383 425 1461 discederent,
451 1397 484 1447 et
507 1385 718 1450 exadversum
736 1384 877 1450 Athenas
908 1384 993 1468 apud
1009 1382 1169 1449 Salamine

205 1463 338 1530 classem
358 1483 446 1524 suam
469 1465 708 1526 constituerent.
1100 1493 1102 1498 v

264 1542 319 1606 IV.
339 1542 382 1602 At
395 1544 537 1619 Xerxes,
555 1541 778 1622 Thermopylis
795 1562 880 1623 expu
924 1542 1001 1616 atis,
1019 1540 1168 1623 protinus

161 1647 167 1654 ·
205 1619 341 1682 accessit
361 1632 448 1696 astu,
467 1621 564 1706 idque
584 1620 679 1680 nullis
702 1620 887 1682 defendenti
909 1641 967 1694 us,
985 1619 1169 1681 interfectis

205 1697 444 1774 sacerdotibus,
470 1720 550 1784 quos
570 1701 602 1760 in
622 1718 695 1760 arce
713 1699 894 1776 invenerat,
913 1698 1059 1760 incendio
1079 1698 1171 1762 dele·

165 1775 262 1844 urit.
302 1777 398 1840 Cuius
426 1777 511 1840 fama
533 1778 698 1861 perterriti
728 1779 878 1839 classiarii
909 1799 1009 1861 quum
1037 1797 1170 1844 manere

204 1874 269 1916 uon
282 1855 453 1935 auderent,
474 1872 507 1919 et
526 1856 655 1940 plurimi
669 1855 893 1932 hortarentur,
913 1868 950 1920 ut
964 1856 1076 1916 domos
1095 1875 1170 1918 suas

227 1933 340 2017 uisque
353 1932 383 2014 ⁴)
400 1936 620 2013 discederent,
640 1935 872 2018 moenibusque
889 1953 924 1996 se
939 1933 1169 2002 defenderents

205 1954 437 2076 dhemistocles
457 2036 539 2077 unus
563 2013 699 2089 restitit,
729 2026 764 2074 et
789 2015 956 2080 universos
976 2033 1070 2095 peres
1097 2032 1170 2074 esse

180 2108 301 2226 xposse
322 2091 444 2169 aiebat,
476 2094 639 2174 dispersos
662 2092 842 2154 testabatur
864 2093 1046 2175 perintrost
1069 2091 1170 2174 idque

236 2167 399 2245 urybiadi,
417 2170 488 2250 regi
506 2170 850 2246 Lacedaemoniorum,
872 2171 1011 2256 quitum
1026 2174 1171 2237 summuu'

166 2245 187 2314 8
207 2243 332 2324 imperii
351 2260 515 2326 praeerat,
529 2249 603 2310 fore
615 2241 802 2313 hfiirmabat.
824 2250 930 2338 Quem
943 2269 1042 2332 quum
1054 2249 1172 2324 miuus,

206 2342 303 2462 guam
327 2324 445 2400 vellet,
472 2339 637 2404 moveret,
660 2339 758 2389 noctu
782 2329 824 2390 de
845 2328 946 2390 servis
972 2327 1052 2403 suis,
1072 2347 1172 2421 <prem

231 2398 319 2461 abuit
333 2399 566 2482 fidelissimum,
587 2406 627 2466 ad
647 2427 759 2488 regem
779 2407 880 2483 misit,
902 2417 939 2468 ut
955 2406 985 2466 ei
1008 2417 1174 2467 nuntiaret

64 2500 66 2508 ’
166 2478 272 2556 {suis
296 2479 422 2544 verbis:
452 2482 651 2548 adversarios
681 2485 748 2546 eius
779 2485 812 2545 in
838 2485 915 2567 fuga
940 2503 1028 2547 esse:
1064 2483 1174 2567 quisi

174 2567 181 2580 “·
208 2556 440 2636 discessissent,
457 2561 579 2624 maiore
592 2582 665 2624 oum
677 2562 789 2626 labore
805 2576 838 2625 et
852 2565 906 2628 lon
929 2563 1074 2652 inquiore
1089 2575 1175 2623 tem·

137 2674 140 2677 -
207 2654 289 2716 pore
310 2635 431 2698 bellum
447 2640 688 2719 confecturum,
708 2663 807 2725 quum
827 2583 969 2724 singtdos
989 2642 1175 2702 consectari
1257 2647 1258 2658 ¹

208 2727 401 2798 cogeretur;
424 2739 506 2802 quoa
530 2719 557 2780 si
581 2721 687 2783 statim
709 2722 963 2803 aggrederetur,
988 2718 1080 2780 brevi
1100 2719 1175 2779 uui·

207 2810 321 2854 uersos
345 2817 585 2877 oppressurum.
624 2802 698 2860 Hoc
712 2819 759 2863 ‚eo
782 2801 922 2873 valebat,
960 2809 996 2858 ut
1024 2798 1174 2879 ingratiis

166 2867 248 2934 tad
271 2871 516 2956 depugnandum
538 2887 646 2938 omnes
668 2891 870 2960 cogerentur.
911 2880 980 2938 Hac
1004 2895 1041 2936 re
1061 2876 1174 2938 audita

202 2947 379 3041 barbarus,
402 2954 479 3014 nihil
503 2954 569 3016 doli
591 2957 723 3018 subesse
742 2958 894 3033 credens,
914 2954 1071 3050 postridie
1093 2954 1176 3016 alie·

206 3046 336 3089 nusrmo
366 3029 427 3092 sibi
454 3033 546 3108 loco,
577 3047 687 3096 contra
710 3037 978 3116 opportunissimo
1001 3032 1176 3110 hostibus,

207 3103 289 3168 adeo
304 3120 437 3189 angusto
450 3112 531 3174 mari
546 3111 704 3194 conflixit,
717 3125 755 3176 ut
770 3114 838 3178 eiua
852 3111 1024 3178 multitudo
1039 3111 1174 3174 navium

215 3252 421 3277 m

274 3379 303 3449 4)
332 3384 411 3452 vulgo
439 3386 556 3456 quisque
585 3385 735 3442 omittitur,
762 3387 837 3458 quod
863 3386 943 3442 End.
972 3403 988 3442 e
1013 3392 1077 3442 teti.
1101 3384 1172 3440 edd.

91 3465 98 3473 ·
207 3449 339 3516 testituit,
358 3459 438 3522 etqua
454 3453 544 3506 brem.
563 3453 588 3520 4.
606 3453 721 3522 recepit.
