2564 3872
6 463 9 536 l
22 529 25 536 .

371 446 588 496 rasennam.
611 447 684 490 ear.
706 449 799 493 vni.¹
886 447 891 454 ·
998 411 1068 492 aas

89 587 137 646 M.
157 606 247 670 pasa-v
260 555 424 650 deduetisa
445 555 476 648 in
496 587 694 649 latitudinem
711 555 820 647 autem
833 585 931 647 Corn.
945 559 1053 665 Nepos
1080 543 1086 562 l

92 679 224 727 centum
247 669 312 744 m,
343 671 381 727 Τ.
407 667 516 730 Liuias
541 667 602 726 tria
632 670 683 726 11.-
700 665 895 742 stadiorum,
908 675 1055 747 uterque
1088 669 1109 694 ·'

6 769 7 772 ¹
91 743 227 806 dirersis
246 745 280 803 in
303 745 391 804 locis.
417 745 645 819 Plin.111„ad.
668 743 751 825 (ro.)

178 826 266 882 Inter
286 823 369 884 duos
388 826 570 901 Bosporos,
591 822 760 882 Thracium
781 835 814 882 et
834 820 1056 897 Cimmerium,
1074 842 1092 884 a

6 919 8 958 ῑ
94 901 225 962 diremo
245 919 358 975 cursu,
387 911 424 960 ut
446 911 557 960 auctor
581 911 631 960 est
649 898 819 978 Polybius,
839 903 881 961 11)
902 902 943 958 Μ.
970 920 1053 980 pass.

6 977 7 1004 ³
91 980 252 1039 intersunt
259 999 269 1056 3
299 979 435 1038 circuitu
445 987 542 1039 'raro
576 978 675 1039 totius
703 977 798 1039 Ponti
825 977 921 1037 vicies
954 981 1053 1040 semel

95 1068 231 1118 centena
262 1057 491 1139 quinquaginta
516 1059 576 1133 M„
607 1069 644 1116 ut
671 1066 784 1116 auctor
810 1067 860 1116 est
888 1056 993 1118 Varro
1019 1069 1054 1118 et

92 1135 166 1196 fere
193 1147 337 1198 ueteres,
360 1138 466 1216 Nepos
492 1135 657 1199 Cornelius
683 1145 826 1198 trecenta
845 1134 1054 1223 millia-quin.
1083 1171 1086 1178 -

93 1214 243 1298 quaginta
263 1214 378 1275 adiicit.
404 1217 480 1273 Plin.
502 1215 556 1278 lV.
577 1223 624 1286 ab.
648 1215 732 1294 (ιι.)
899 1263 901 1268 .
967 1261 980 1278 ,.

173 1297 208 1353 ln
222 1314 282 1354 ora
297 1292 429 1366 Oceani,
451 1294 574 1356 colonia
587 1294 741 1374 Augusti,
762 1293 839 1354 lulia
856 1294 1050 1368 Constantia,
1071 1295 1091 1362 3

91 1383 186 1434 —et
209 1371 248 1432 ab
270 1393 308 1432 ea
328 1373 446 1434 XXXII
466 1373 508 1432 M.
528 1391 610 1453 pass.
631 1373 766 1450 colonia,
788 1393 805 1431 a
826 1372 957 1434 Claudio
975 1376 1053 1434 Cae·

93 1451 281 1526 rarefacta,
293 1451 409 1521 Lixos,
431 1487 486 1511 -.
507 1451 554 1511 lbi
574 1452 664 1534 regia
678 1452 808 1527 Antaei,
828 1463 1055 1534 certamenque

94 1549 167 1591 cum
186 1531 346 1604 Hercule,
368 1541 401 1590 et
419 1532 637 1610 Hesperidum
651 1530 749 1593 horti.
769 1565 810 1578 —
829 1532 942 1590 Exstat
962 1531 994 1590 in
1015 1550 1054 1592 ea

92 1619 125 1668 et
146 1629 201 1666 ara
220 1607 380 1678 Herculis,
403 1629 463 1668 nec
483 1622 613 1687 praeter
638 1611 794 1678 oleastros
816 1607 902 1673 aliud
922 1627 961 1669 ex
982 1629 1054 1674 nar-
1137 1613 1141 1624 ‘

94 1685 166 1746 rato
187 1686 245 1746 illo
267 1685 410 1744 aurifero
429 1706 569 1750 nemore.
604 1688 705 1746 Minus
725 1687 874 1764 profecto
896 1689 1055 1753 mirentur

93 1767 283 1846 portentosa
306 1763 458 1824 Graeciae
479 1763 657 1837 mendacia,
686 1764 727 1824 de
750 1763 786 1822 iis
808 1775 839 1822 et
860 1783 953 1826 amne
970 1765 1052 1825 Lixo

94 1842 243 1925 prodita,
273 1842 328 1925 qui
357 1842 515 1980 cogitent,
545 1854 670 1902 nostros
696 1860 800 1978 nuper
825 1839 921 1921 paulo
951 1842 1053 1903 minus

7 1921 8 1928 '
95 1921 291 1986 monstrifica
313 1942 393 2003 quae
418 1941 467 1984 am
489 1919 533 1980 de
551 1920 664 1980 iisdem
680 1934 731 1980 tra
753 1919 868 1995 idisac3
897 1921 1055 2000 praevali-

93 2002 167 2062 dam
196 1999 278 2060 hanc
308 1999 423 2060 urbem
453 1999 671 2092 maioremque
701 1997 893 2079 Carthagine
920 2018 1054 2079 magnu3
1088 2041 1090 2046 .

95 2091 266 2162 praeterea
292 2097 331 2138 ex
358 2079 492 2139 adverso
508 2079 583 2138 cius
604 2089 695 2143 utam
715 2090 749 2141 et
792 2095 873 2158 rope
900 2076 1054 2158 immensu

94 2158 201 2224 tractu
221 2157 261 2240 ab
286 2157 396 2238 Tingi;
417 2176 563 2242 quaeque
584 2153 644 2218 alia
665 2097 792 2222 Cornel
811 2157 919 2246 Nepos
940 2155 1055 2218 avidis-

93 2237 171 2298 sime
195 2235 342 2297 credidit.
367 2237 446 2296 Plin.
467 2237 507 2313 V,
533 2260 560 2300 ι..
681 2295 683 2300 ,
1046 2245 1049 2252 ’

172 2315 279 2398 Aliqui
296 2316 379 2376 inter
389 2317 527 2376 Pontum
541 2327 573 2376 et
585 2316 734 2398 Caspium
747 2335 837 2376 mare
847 2313 1050 2376 CCCLXXV
1070 2323 1091 2388 4

98 2395 135 2450 u.
158 2415 240 2473 pass.
269 2416 332 2460 non
362 2396 493 2476 amplius
520 2393 677 2458 interesse
704 2395 923 2456 tradiderunt:
954 2397 1053 2458 Corn.

93 2473 204 2551 Nepos
222 2475 302 2532 CCL
322 2474 428 2534 millia.
446 2477 529 2533 Ptin.
547 2475 607 2552 Vl,
632 2495 677 2536 ια.
691 2475 772 2554 (ιι.)

172 2567 324 2644 Polybius
348 2571 381 2634 in
404 2582 545 2632 extrema
567 2577 755 2636 Mauritania
775 2589 888 2637 contra
910 2576 1091 2636 montem5

97 2644 255 2709 Atlantem
276 2669 294 2705 a
313 2659 400 2708 terra
421 2649 520 2708 stadia
538 2651 607 2714 V111
627 2653 739 2712 abesse
759 2653 902 2732 prodidit
918 2654 1052 2716 Cernen.

95 2725 203 2804 Nepos
225 2725 321 2784 Corn.
344 2746 383 2788 ex
404 2725 539 2788 adverso
560 2729 695 2788 maxime
716 2723 914 2812 Carthaginis
936 2750 953 2786 a
977 2749 1049 2790 con-

94 2801 212 2862 tinente
233 2821 344 2882 passus
365 2804 467 2864 mille:
488 2826 551 2866 non
572 2807 759 2889 ampliorem
777 2807 912 2868 circuitu
927 2805 1054 2869 duobus

29 2875 33 2882 ’
93 2881 240 2940 millibus.
279 2885 358 2942 rra
383 2883 616 2966 v1‚se.(31.)

175 2979 282 3058 Nepos
297 2979 442 3054 Cornel,
457 2979 600 3062 qui'Divi
610 2981 747 3064 Augusti
760 2983 864 3065 princi
887 2994 939 3044 atu
955 2983 1053 3046 obiita
1071 2985 1093 3048 6

97 3057 165 3127 Me,
191 3055 308 3137 inquit,
330 3058 448 3119 iuvene
470 3059 609 3119 violacea
629 3081 773 3143 purpura
794 3003 941 3144 rigebat,
963 3066 1053 3127 cuius
1102 3103 1105 3112 ·

96 3133 176 3196 libra
194 3134 329 3199 denariis
346 3149 472 3199 centum
494 3137 638 3206 venibat,
657 3161 719 3201 nec
739 3143 933 3221 multopost
945 3143 1054 3208 ,rubra
1146 3151 1151 3160 “

22 3234 29 3247 ·
96 3214 273 3276 Tarentina.
295 3216 378 3276 Huic
389 3216 543 3276 successit
557 3213 693 3297 dibapha
702 3221 807 3300 Tyria,
882 3221 1053 3284 einlibras

95 3293 228 3354 denariis
260 3294 345 3354 mille
376 3316 439 3354 non
462 3307 590 3376 poterat
620 3299 691 3358 emi.
734 3302 802 3362 Hac
865 3295 1050 3362 ,Lentulus

95 3373 263 3454 Spinther,
284 3373 404 3434 Aedilis
429 3375 566 3452 curulis,
592 3377 713 3456 primus
733 3379 765 3438 in
788 3390 951 3470 praetexta
975 3371 1050 3440 usus

95 3450 349 3533 improbabatur:
397 3475 435 3512 ua
450 3475 593 3536 purpura
615 3456 686 3539 quis
708 3457 900 3532 non=1am,i11
923 3458 979 3538 nit,
994 3461 1049 3519 tri·

98 3531 225 3594 clinaria
245 3528 331 3590 facit.
366 3473 698 3622 dttn.1x,63.(39.)
743 3585 756 3612 ,
855 3479 930 3604 ιι(ι
1046 3569 1048 3575 2
