2564 3872
159 345 165 368 ¹
200 415 257 487 148
475 406 575 469 XXV.
597 423 743 466 urricus.
770 424 815 464 rs.
842 407 885 466 st.

198 562 290 647 dum,
314 587 410 664 quern
430 579 505 649 post
527 565 670 627 Lucretii
692 563 873 650 Catullique
893 574 1031 627 mortem
1053 556 1156 627 multo

198 649 463 732 elegantissimum
483 650 613 728 poetam
634 657 774 706 nostram
795 645 905 705 tulisse
926 655 1063 706 aetatem
1075 663 1156 708 vere

199 731 313 793 videor
331 743 427 809 posse
450 726 664 798 contendere,
684 743 790 808 neque
804 723 906 784 minus
920 723 1023 786 virum
1036 723 1156 786 bonurn

199 809 391 890 optimisque
424 805 544 866 artibus
573 799 754 880 eruditum,
805 812 857 865 ost
885 803 1156 885 proscriptionem

198 888 342 969 equitum
361 894 497 978 propter
517 903 644 964 magnas
665 884 732 942 eius
753 824 917 942 Airicsnas
938 883 1155 962 possessiones

131 991 135 998 ·
198 968 229 1024 in
243 975 498 1047 proscriptorum
514 973 680 1022 numerum
696 983 713 1020 a
726 961 763 1022 Ρ.
780 960 970 1038 Volumnio,
985 961 1154 1042 praefecto

157 1037 323 1105 lttbrum
344 1044 489 1119 Antonii,
513 1041 671 1101 absentem
686 1041 840 1118 relatum,
861 1039 1031 1120 expedivit·
1056 1041 1154 1128 Quod

198 1122 409 1203 inpraesenti
437 1121 485 1202 ²),
514 1131 621 1179 utrum
648 1121 678 1179 ei
708 1119 896 1180 laboriosius
917 1141 956 1178 an
982 1120 1154 1202 gloriosius

95 1246 98 1252 ‚
198 1201 314 1272 bresit,
337 1199 468 1262 difficile
489 1198 552 1260 luit
571 1197 731 1260 iudicat-e:
759 1197 867 1282 quod,
883 1197 914 1256 in
936 1217 1048 1260 eorum
1068 1201 1155 1280 peri·

198 1281 295 1356 culis,
323 1299 389 1338 uon
413 1289 505 1340 secus
528 1277 674 1338 absentes
704 1287 798 1360 quam
826 1288 1011 1360 praesentes
1037 1278 1155 1340 amicos

197 1359 304 1422 Attico
325 1375 395 1420 esse
416 1377 532 1434 curae,
554 1358 716 1439 cognitum
737 1367 796 1416 est.

278 1437 358 1498 Xlll.
389 1441 501 1520 Neque
522 1455 601 1496 vero
622 1437 723 1496 minus
743 1437 797 1496 ille
818 1435 870 1497 tir
891 1434 994 1496 bouus
1013 1432 1154 1516 pateria-

196 1509 296 1577 milias
322 1515 448 1577 habitus
477 1527 542 1591 cst,
574 1535 669 1597 quam
700 1514 787 1592 civis.
827 1517 906 1576 Nam
935 1531 1036 1597 quum
1067 1527 1154 1576 esset

221 1596 403 1672 counimus,
424 1609 518 1654 nemu
538 1593 594 1655 illo
614 1593 715 1653 minus
736 1592 798 1653 luit
819 1613 927 1670 emax,
948 1593 1048 1655 miuus
1068 1594 1156 1654 aedis

195 1611 317 1736 icatur.
358 1677 471 1758 Neque
494 1684 600 1733 tamen
620 1692 683 1734 non
706 1673 737 1732 in
758 1671 868 1754 primis
888 1673 971 1733 bene
990 1671 1154 1750 habitavit,

156 1753 409 1838 nomnibusque
438 1753 565 1834 optimis
592 1752 690 1812 rebus
715 1769 790 1812 usus
819 1761 876 1812 est.
916 1754 993 1812 Nam
1022 1752 1153 1812 domurn

196 1832 307 1894 habuit
326 1834 358 1906 in
382 1833 465 1896 colle
487 1830 644 1922 Quirinali
659 1831 912 1911 Tamphilanam,
934 1831 973 1890 ab
995 1831 1153 1892 avunculo

166 1910 374 1974 ”hereditate
402 1912 562 1972 relictam:
596 1910 684 1970 cuius
709 1909 880 1970 amoenitas
903 1931 966 1970 nou
994 1908 1152 1988 aedilicio,

196 1991 253 2051 sod
274 1992 352 2052 silva
372 1991 545 2054 constabat.
587 1989 693 2082 Ipsum
715 1988 797 2048 enim
817 1999 956 2062 tectum,
978 1989 1152 2071 antiquitus

196 2071 421 2146 constitutum,
450 2071 523 2151 plus
549 2069 638 2144 sahs,
667 2076 761 2150 quam
789 2077 911 2126 sumtus
935 2067 1088 2131 babebat:
1118 2071 1151 2128 in

137 2159 141 2170 ’
197 2149 354 2229 quonihil
376 2148 596 2224 commutavit,
619 2147 725 2207 nisisi
768 2146 823 2206 uid
842 2158 1001 2208 vetustate
1021 2155 1151 2208 coactus
1213 2201 1215 2209 ,

154 2223 254 2287 3est.
295 2228 376 2286 Usus
410 2237 459 2287 est
488 2225 624 2302 familia,
651 2226 678 2284 si
702 2169 836 2286 utiirtste
860 2225 1061 2287 iudicandum
1085 2239 1153 2304 est,

194 2303 328 2386 optima3
347 2306 375 2364 si
388 2303 509 2380 forma,
530 2305 583 2366 vix
606 2303 769 2364 mediocri.
793 2309 938 2388 Namque
957 2307 989 2366 in
1007 2325 1043 2366 eu
1059 2319 1152 2367 erant

165 2381 167 2388 ’
216 2383 287 2444 ueri
307 2381 540 2462 literatissimi,
574 2395 765 2464 anagnostae
794 2383 926 2466 optimi,
953 2395 986 2445 et
1020 2385 1159 2466 plurimi

191 2403 335 2540 iibrariis
364 2470 463 2522 utne
489 2460 684 2545 pedisequus
713 2463 843 2546 quidem
871 2465 1035 2548 quisquam
1056 2477 1151 2540 esset,

193 2541 249 2624 qui
277 2551 340 2604 'non
374 2549 548 2624 utrumque
579 2541 695 2604 horum
724 2543 858 2623 pulchre
888 2545 996 2604 l'scere
1024 2556 1150 2624 posset3

192 2617 377 2700 parimodo
404 2621 543 2682 artifices
568 2621 699 2696 ceteri,
716 2641 797 2704 quos
824 2622 928 2682 cultus
955 2623 1149 2682 domesticus

151 2703 172 2772 4
193 2700 370 2778 desiderat,
392 2701 534 2782 apprime
551 2701 636 2762 boni.
656 2702 769 2784 Neque
787 2712 892 2761 tamen
912 2702 1026 2762 horum
1039 2721 1149 2784 quem-

152 2841 153 2844 ,
192 2796 303 2860 quam,
334 2781 393 2841 nisi
420 2779 506 2840 domi
535 2791 641 2838 natum
669 2779 819 2861 domique
851 2778 987 2857 factum,
1021 2780 1148 2841 babuit:

215 2858 278 2918 uod
299 2861 396 2921 est-si
420 2880 494 2919 num
514 2877 577 2916 nou
599 2859 702 2917 solum
723 2859 952 2936 continentiae,
967 2859 1031 2926 ,sed
1053 2861 1149 2920 etiam

191 2877 382 3016 illigentiae.
398 2880 483 2998 ilum
504 2945 538 3016 et
558 2955 622 2996 non
642 2935 891 3028 intemperanter
911 2957 1011 2999 concu
1035 2938 1149 3012 isoere,

191 3015 280 3096 quod
299 3035 317 3074 u
339 3015 483 3106 plurimis
512 3015 638 3090 videas,
667 3015 855 3076 continentis
884 3016 980 3076 debet
1023 3017 1092 3076 ueit
1117 3029 1150 3077 et

188 3093 295 3174 potius
321 3091 375 3152 dni
400 3096 499 3165 entia,
529 3115 624 3178 quam
644 3093 769 3174 pretio,
789 3113 923 3176 parare,
944 3115 1008 3156 uon
1027 3095 1149 3158 medio·

148 3171 169 3232 5
190 3171 251 3231 oris
272 3183 321 3232 est
341 3114 523 3233 iniustriae.
563 3174 720 3255 Elegans,
739 3193 803 3234 non
823 3171 1022 3256 magnificus3
1043 3175 1148 3254 splen-

189 3250 300 3340 didus,
329 3267 392 3310 non
419 3263 617 3330 sumtuosus5
648 3251 732 3314 omni
756 3251 919 3334 diligentia
944 3252 1149 3330 munditiam,

194 3394 385 3412 ἁι-ι-ι-αυ-ι

217 3470 260 3538 ⁴2)
279 3471 324 3521 ed.
343 3469 412 3522 lens.
432 3471 466 3520 al.
486 3470 564 3538 quoti
576 3471 756 3544 impetratum,
781 3474 833 3526 vid.
853 3475 897 3528 ed.
914 3474 993 3528 bleida
