2564 3872
350 394 462 454 xxut.
484 412 716 464 assartum.
738 395 809 468 Μ.
1015 412 1070 472 ¹27

115 563 242 629 tuerat,
266 571 420 634 eamque,
451 552 569 612 ceteris
599 553 748 630 remotis,
779 563 941 614 tenentem
968 551 1075 628 jurare

117 631 219 706 'ussit,
240 652 411 711 numquam
433 650 483 689 me
510 631 542 691 in
563 633 697 692 amicitia
723 652 796 692 cum
820 630 970 692 Romanis
992 629 1075 688 l'ore.

113 653 149 768 id
171 729 234 790 ego
259 707 478 768 iusiurandum
508 710 590 788 patri
610 710 718 769 datum
738 731 776 768 us
799 730 841 770 ue
863 709 1003 769 adhunc
1024 728 1074 766 ac·
1097 715 1117 774 5

114 799 213 848 tatem
238 785 268 865 ³)
292 787 335 845 ita
357 787 561 862 conservavi,
582 799 618 846 ut
638 788 755 847 nemini
775 733 906 848 dubium
930 807 1001 848 esse
1024 787 1077 857 de-

113 865 201 944 beat,
226 866 303 944 quin
323 864 450 945 reliquo
471 875 617 945 ternpore
642 867 754 925 eadem
781 878 886 926 mente
909 866 967 924 sim
992 864 1079 924 futu-

114 965 181 1004 rus.
227 945 356 1030 Quare,
388 942 415 1002 si
439 943 517 1021 quid
544 944 644 1002 amice
672 943 712 1002 do
741 944 891 1004 Romanis
912 943 1118 1023 cogitabis,6

114 1043 181 1084 non
209 1022 251 1080 im
277 1020 431 1081 rudenter
454 1017 590 1096 feceris,
620 1021 717 1081 sime
739 1021 871 1094 celaris3
893 1043 991 1114 quum
1012 1022 1078 1103 qni·

115 1099 202 1193 dem·
218 1044 338 1159 beilum
351 1097 507 1190 parabis,
532 1111 564 1160 te
593 1099 696 1192 ipsum
717 1098 942 1176 frustraberis,
971 1099 1079 1158 sinon

115 1198 169 1238 mc
193 1201 225 1237 m
247 1199 286 1238 eo
307 1196 486 1256 prmcrpem
506 1198 660 1257 posueris.

197 1259 248 1315 Ill.
267 1259 337 1314 Hac
355 1255 462 1334 igitur,
481 1277 543 1336 qua
564 1255 709 1332 diximus,
727 1268 830 1316 aetate
850 1275 921 1316 cum
943 1267 1035 1338 patre
1049 1258 1080 1316 in
1106 1282 1117 1318 ι

116 1335 179 1395 His
206 1335 305 1394 aniam
328 1331 499 1412 profectus
523 1345 585 1394 est:
614 1335 703 1414 cujus
735 1347 808 1414 post
829 1335 968 1410 obitum,
1001 1339 1080 1400 Has,-

118 1357 253 1472 druiiale
276 1412 469 1491 imperatore
492 1411 643 1486 suffecto,
659 1413 812 1496 equitatui
833 1415 917 1474 omui
931 1413 1082 1494 praefuit.

118 1493 193 1551 Hoc
224 1513 287 1573 quo
314 1510 353 1549 ue
380 1488 571 1564 interfecto,
599 1493 761 1552 exercitus
783 1513 935 1552 summam
957 1493 997 1551 im
1024 1492 1082 1551 orii

120 1570 256 1630 adeum
284 1513 408 1627 detulit.
452 1568 488 1626 ld
524 1569 746 1649 Carthaginem
778 1571 918 1630 delatum
951 1513 1082 1651 puiilicc

121 1645 365 1728 comprobatum
387 1657 445 1704 est.
490 1646 542 1704 sie
570 1647 726 1706 Hannibal
751 1648 855 1708 minor
878 1649 1020 1730 quinque
1049 1661 1082 1708 et
1104 1670 1123 1710 a

120 1726 236 1806 viginti
258 1723 343 1783 arinis
359 1723 389 1800 l⁸)
407 1735 495 1781 natus
508 1724 682 1802 imperator
697 1723 798 1784 factus
820 1727 967 1804 proximo
988 1727 1084 1786 trien-

121 1805 175 1864 nio
202 1823 310 1864 omnes
339 1813 451 1882 gentos
480 1801 650 1880 Hispaniae
681 1801 769 1860 bello
797 1801 945 1881 subegit3
966 1802 1084 1883 Sagun·

121 1895 202 1958 tum,
220 1881 420 1940 foederatam
439 1878 610 1953 civitatem,
623 1878 658 1938 vi
676 1877 868 1971 expugnavit
875 1901 884 1955 ;
905 1892 971 1939 tres
994 1901 1084 1941 excr-

124 1955 213 2022 citus'
225 1958 376 2018 maximos
397 1957 603 2036 comparavit.
627 1957 677 2013 Ex
700 1957 757 2016 hrsv
771 1977 869 2016 unum
889 1957 920 2016 in
939 1957 1082 2017 Africam
1105 1964 1124 2025 3

123 2039 231 2112 misit,
252 2037 388 2122 Qrum
416 2054 488 2094 cum
518 2034 720 2094 Hasdrubale
749 2033 853 2094 fratre
875 2034 906 2093 in
933 2036 1086 2116 Hispania

124 2116 272 2199 reliquit,
299 2113 429 2174 tortium
457 2115 488 2172 in
515 2112 635 2172 ltaliam
675 2133 785 2173 secum
820 2112 919 2172 duxit.
964 2113 1085 2187 Saltum

124 2198 321 2274 Pyrenaeum
357 2191 492 2251 transiit.
543 2191 752 2277 Quacumque
787 2190 849 2250 iter
883 2191 978 2268 fecit,
1014 2212 1086 2252 eum

127 2273 270 2336 omnihus
292 2271 403 2330 incolis
425 2267 582 2346 conflixit3
615 2271 789 2345 neminem,
809 2268 870 2344 nisi
888 2269 1019 2345 victum,
1040 2271 1086 2330 di-

127 2351 220 2411 misit.
262 2350 312 2410 Aa
329 2350 427 2429 Alpes
451 2361 661 2430 posteaquam
682 2349 779 2424 venit,
802 2367 883 2430 quae
904 2349 1024 2408 Italiam
1046 2349 1085 2407 ab
1106 2357 1126 2422 a

128 2430 229 2490 Gallia
249 2427 431 2508 sejungunt,
475 2449 531 2487 uas
552 2447 646 2486 nemo
672 2425 822 2509 umquam
845 2447 917 2487 cum
938 2426 1085 2487 exercitu

128 2519 200 2568 ante
216 2527 300 2579 eum,
316 2517 444 2583 praetor
495 2506 637 2566 erculem
653 2506 794 2584 Grajum,
813 2506 982 2568 transierat
1005 2506 1086 2586 (quo

95 2615 99 2620 ¹
128 2585 217 2646 facto
248 2584 274 2642 is
300 2581 398 2642 hodie
424 2583 522 2640 saltus
546 2582 662 2660 Grajus
690 2581 901 2662 appellatur):
942 2584 1087 2662 Alpicos,

82 2667 87 2672 ’
129 2673 279 2724 conantes
300 2659 474 2740 prohibere
492 2659 627 2718 transitu
654 2657 700 2738 ⁵),
723 2659 881 2734 concidit,
907 2661 979 2720 loca
999 2672 1087 2739 pate·

128 2741 230 2815 fecit,
256 2739 369 2798 itinera
403 2737 531 2812 muniit,
558 2735 751 2818 effecitque,
781 2747 818 2796 ut
845 2755 883 2795 ea
902 2735 1088 2827 elephantus

130 2830 260 2880 ornatus
284 2817 331 2876 ire
354 2827 481 2896 posset,
541 2835 581 2874 ua
611 2826 703 2874 antea
730 2834 811 2873 unus
842 2813 939 2874 homo
960 2815 1088 2875 mermis

129 2898 184 2960 vix
205 2907 332 2977 poterat
346 2913 479 2986 repere.
513 2837 583 2954 idac
605 2893 712 2972 copias
733 2891 884 2969 traduxit,
904 2889 937 2950 iu
956 2892 1088 2954 ltaliam·
1109 2925 1113 2938 ·

131 2995 195 3060 que
210 2985 377 3115 lpprvemt.

257 3098 265 3112 .
286 3049 481 3112 Condixerat
500 3047 585 3128 apud
604 3049 794 3110 Rhodanum
818 3066 891 3108 cum
908 3047 947 3107 P.
969 3049 1088 3122 Corne·
1112 3073 1123 3109 ι
1200 3061 1209 3066 ’
1229 3045 1239 3066 '

132 3133 177 3194 lio
215 3131 364 3212 Scipione
396 3131 467 3190 Cos.
509 3147 647 3210 cumque
681 3127 860 3209 pepulerat.
914 3128 994 3188 Cum
1025 3127 1096 3189 hoc'

141 3260 317 3275 ..η’-ι·-

187 3325 201 3374 3
233 3324 269 3372 ita
288 3307 406 3387 Guelph.
423 3318 472 3369 Ax.
489 3317 568 3372 Voss.
585 3319 630 3384 1³.;
649 3321 683 3371 al.
703 3317 785 3372 diem.
846 3353 848 3360 ,

185 3321 213 3458 ii
233 3392 268 3439 ita
283 3387 377 3450 codd,
395 3384 498 3436 Giinth.
515 3390 550 3437 al.
566 3404 666 3439 annos.
682 3389 717 3440 cl'.
734 3388 836 3448 Daehn.
863 3414 897 3436 u·-
915 3391 943 3461 5)
967 3390 1082 3460 quaedd.

136 3453 198 3509 edd.
217 3464 280 3508 vett.
299 3453 466 3516 transitum,
484 3470 508 3503 v·
522 3455 600 3507 Bard.
