2564 3872
473 383 541 444 xx.
557 393 747 446 'rruonaotc
768 371 797 455 l.
818 381 847 444 5.
1087 405 1143 465 uo

155 574 158 578 ·
186 563 280 626 quam
293 540 456 604 tribuebat
469 541 647 622 superbiae.
670 539 756 604 Nihil
778 542 861 602 enim
878 561 1028 624 umquam
1041 561 1081 602 nc
1104 562 1146 602 ue

185 621 340 697 insolens,
366 639 473 701 neque
500 620 676 700 gloriosum
703 640 745 685 cx
775 641 833 682 ore
861 620 928 696 eius
957 619 1041 679 exiit.
1083 563 1186 698 boii}

185 699 331 780 quidem,
350 719 450 778 quum
471 717 542 756 suaa
565 697 677 756 laudes
698 697 823 758 audiret
842 697 1038 778 praedicari,
1058 719 1148 756 num·

186 797 281 858 quam
308 774 395 834 aliud
421 773 517 848 dixit,
544 795 652 854 quam,
666 793 701 834 se
727 775 759 833 in
783 795 820 834 ea
849 797 885 834 re
913 775 1060 834 maximas
1088 775 1148 834 diis

185 854 303 935 gratias
334 870 433 932 agere
467 863 564 943 atque
588 851 726 926 habere,
753 853 856 933 quod,
884 875 982 934 quum
1011 853 1148 912 Siciliam

186 950 336 990 recreare
367 928 624 1004 constituissent,
651 939 720 988 tum
748 949 783 989 se
812 929 1009 1008 potissimum
1031 930 1145 990 ducem

186 1027 258 1068 esse
283 1006 467 1075 voluissent.
510 1006 595 1066 Nihil
616 1005 698 1066 enim
721 1027 830 1066 rerum
853 1006 1059 1068 humanarum
1080 1010 1189 1080 sinet
1218 1061 1222 1070 .

131 1105 134 1108 ·
187 1085 323 1144 deorum
343 1084 471 1144 numine
495 1085 565 1166 geri
590 1083 724 1164 putabat
745 1081 787 1163 l⁴).
828 1087 940 1166 ltaque
965 1105 1042 1144 suae
1064 1087 1151 1146 domi

187 1165 339 1300 ”lelium
352 1157 560 1236 Αὐτοματίας
582 1161 811 1240 constituerat,
835 1164 932 1246 idque
955 1164 1148 1226 sanctissime

166 1261 260 1302 coe
283 1253 326 1304 at.
898 1286 900 1290 .

269 1320 309 1381 V.
341 1320 391 1380 Ad
410 1319 491 1380 hanc
510 1319 645 1380 hominia
667 1319 876 1380 excellentem
900 1319 1071 1380 bonitatem
1094 1323 1149 1379 mi·
1175 1345 1184 1379 ι

182 1396 304 1466 ,ιιὼίίει
326 1410 529 1458 accesserunt
542 1417 641 1458 casus.
668 1401 746 1457 Nam
767 1400 891 1476 proelia
904 1398 1037 1456 maxima
1057 1400 1149 1468 natali

182 1474 243 1535 ‚die
265 1497 324 1538 suo
341 1475 419 1536 fecit
434 1477 556 1538 omnia:
575 1497 643 1558 *quo
657 1475 778 1538 factum
795 1488 859 1550 est,
880 1487 917 1534 ut
934 1476 1000 1534 eius
1015 1475 1100 1536 ‹liom
1118 1476 1149 1553 5)

183 1554 324 1614 -natalem
338 1553 456 1614 festum
467 1554 602 1614 haberet
618 1554 764 1614 universa
782 1555 897 1614 Sicilia.
924 1554 1008 1612 Huic
1023 1554 1151 1634 quidam
1172 1571 1189 1611 n

188 1631 382 1706 Lanarius,
415 1631 512 1690 homo
531 1633 679 1709 petulans
700 1645 733 1690 et
756 1631 918 1712 ingratus,
937 1632 1150 1694 vadimonium

214 1729 290 1778 uum
311 1709 410 1770 vellet
424 1709 608 1788 imponere,
629 1709 718 1788 quod
741 1727 813 1766 cum
827 1709 884 1769 illo
905 1729 939 1767 se
960 1711 1035 1789 lege
1054 1724 1175 1790 agere*

191 1730 333 1860 Hicerct,
360 1797 393 1844 et
416 1785 598 1875 complures
620 1785 885 1860 concurrissent‚.
901 1786 956 1865 qui
976 1789 1151 1864 procacita-

184 1877 256 1924 tem
275 1863 409 1922 hominis
423 1863 564 1920 manibus
578 1865 733 1920 coercere
748 1873 958 1922 conarentur:
983 1863 1151 1922 Timoleon

192 1939 297 2000 oravit
311 1959 438 2012 omnes,
457 1959 498 1999 ne
516 1937 550 1996 i‹l
564 1937 718 1998 facerent.
738 1940 881 2017 Namque
896 1939 929 1996 id
942 1950 978 1996 ut
992 1941 1150 2000 lramestio
1184 1933 1189 1940 ”

193 2015 375 2097 ceterisque
404 2016 533 2088 liceret,
566 2034 601 2074 se
627 2015 783 2076 'maximos
811 2015 937 2074 labores
968 2036 1152 2098 summaque

186 2094 307 2155 adiisse
331 2094 481 2174 pericula.
513 2096 604 2152 Hanc
625 2091 706 2151 enim
728 2091 870 2172 speciem
891 2093 1047 2152 libertatis
1070 2114 1152 2169 csse,

193 2173 220 2232 si
234 2171 388 2248 omnibus,
402 2173 489 2254 quod
503 2171 638 2252 quisque
653 2170 761 2246 vellet,
780 2170 905 2250 legibus
920 2171 1062 2262 experiri
1076 2172 1152 2232 lice·

193 2263 253 2310 ret.
293 2251 401 2326 idem,
430 2271 527 2331 quum
551 2247 679 2330 quidam
701 2249 853 2326 Lamestii
873 2249 998 2324 similis,
1025 2249 1191 2311 nomineb

194 2331 426 2404 Demaenetus,
447 2329 476 2388 in
493 2327 648 2388 concione
663 2327 777 2407 populi
799 2326 952 2388 derebus
970 2328 1067 2407 gestis
1086 2329 1153 2387 eius

178 2405 364 2481 ‘detrahere
398 2407 573 2497 coepisset,
621 2425 658 2464 ac
694 2405 844 2467 nonnulla
877 2404 1086 2466 inueheretur
1122 2406 1154 2463 i'n

185 2483 412 2558 .'l¹imolconta;
433 2483 521 2556 duait,
542 2502 626 2540 nunc
641 2482 768 2543 demum
791 2502 827 2541 ae
847 2483 916 2543 voti
937 2502 1007 2542 csse
1029 2483 1154 2541 damna-

194 2572 272 2618 tum.
312 2560 455 2636 Namque
482 2559 560 2618 haec
582 2557 614 2634 6)
644 2561 742 2618 adiis
770 2559 1154 2638 immortalibus'acmpcr

195 2644 378 2714 precatum,
397 2646 435 2694 ut
447 2635 542 2694 talem
555 2634 734 2694 libertatem
749 2635 956 2696 restituerent
972 2633 1005 2712 ⁷)
1020 2638 1153 2700 Suracu

120 2769 128 2780 ,
195 2712 295 2786 sanis,
318 2711 351 2770 in
374 2731 439 2802 qua
460 2709 559 2771 cuivis
578 2711 707 2786 liceret,
728 2713 768 2772 de
791 2731 856 2790 quo
878 2713 999 2785 vellet,
1023 2703 1065 2772 im
1087 2724 1192 2786 unca

195 2789 315 2850 dicere.
346 2791 408 2847 Hm
429 2809 527 2879 quum
542 2786 626 2846 diem
646 2807 830 2866 supremum
853 2789 1001 2861 obiisset,
1022 2735 1152 2869 publice

195 2891 213 2928 a
227 2865 428 2944 Syracusanis
442 2887 473 2922 m
487 2864 662 2943 gymnasio,
677 2867 765 2946 quod
778 2865 1031 2932 'l'imoloonteum
1043 2865 1151 2947 appel-

104 2946 109 2954 '
144 3011 151 3023 ¹
195 2945 296 3021 latur,
316 2955 386 3006 tota
406 2941 588 3004 celebrante
609 2941 735 3020 Sicilia,
754 2941 900 3022 sepultus
917 2954 978 3006 cst.

247 3140 274 3206 4)
295 3142 356 3191 cod.
374 3143 515 3207 Leid.a31
540 3137 657 3208 putabat
675 3139 708 3188 cl.
729 3138 802 3190 Slav.
1115 3187 1118 3190 ,

247 3209 274 3275 5)
292 3211 326 3256 al.
338 3207 407 3257 diem
418 3211 555 3272 omittunt3
571 3209 639 3256 Titz.
651 3205 785 3269 eLowgol.
801 3215 832 3256 uc
846 3207 971 3258 clamem
984 3206 1074 3255 notula
1081 3207 1151 3274 fest.

198 3274 263 3323 bob.v
277 3304 310 3314 -
336 3274 366 3340 6)
384 3277 419 3324 al.
433 3277 501 3335 boc,
522 3283 547 3324 at
566 3271 617 3322 vid.
634 3273 720 3322 Brem.
741 3302 771 3310 —
793 3271 820 3340 7)
837 3274 875 3324 ita
891 3275 983 3324 Lamb.
1000 3282 1027 3324 et
1038 3276 1072 3323 ul.
1087 3283 1150 3325 vett.

199 3341 261 3392 edd.
278 3365 312 3382 ·-
335 3341 415 3392 codd.
435 3344 612 3399 restitueret;
631 3347 657 3388 at
677 3339 711 3388 ci.
731 3339 818 3390 Brem.

582 3453 831 3468 ..a-uun———av—
