2524 3872
196 426 244 501 78'
480 417 574 484 'xwz
595 385 759 480 ornamus.
781 421 810 485 5.
831 417 859 483 b.

196 581 317 642 sectum
336 577 485 663 putabat,
507 579 564 662 qui
583 579 722 654 diceret,
743 591 783 638 n'e
798 573 836 638 ab
852 577 996 639 exercitu
1011 571 1155 640 discede-

196 673 258 722 ret.
281 659 354 736 Hic,
375 659 560 741 priusquam
580 658 783 740 perveniret,
804 677 869 740 quo
891 669 960 717 erat
973 658 1155 738 profectus,

156 754 176 799 a
197 739 228 800 in
248 740 362 799 itinere
384 738 546 815 convenit,
568 738 622 823 qui
642 736 753 817 Aspim
772 735 940 796 ducebant.
1015 759 1053 796 ua
1069 738 1155 798 celc-

194 820 289 880 ritate
316 835 583 901 quummagnam
611 814 864 877 benevolentiam
891 815 975 898 regis
1018 819 1155 883 tatames

197 895 384 958 consecutus
413 909 511 974 esset,
537 918 601 958 non
624 895 779 955 minorem
804 893 950 954 invidiam
974 896 1153 955 aulicorum

198 995 275 1036 exce
300 975 341 1052 it,
363 975 418 1059 qui
433 977 522 1036 illum
537 995 634 1035 unum
654 972 771 1056 pluris,
795 993 889 1055 quam
908 991 942 1033 se
958 995 1066 1034 omues
1082 971 1155 1039 fieri

194 995 353 1117 videliant.
394 1053 468 1193 quo
496 1053 583 1115 facto
612 1052 718 1114 cuncti
746 1051 786 1111 ad
814 1072 887 1112 eum
909 1052 1156 1138 opprimendum

154 1132 174 1195 3
196 1153 435 1196 consenserun.
475 1135 564 1192 Haec
585 1133 760 1203 Pandates,
780 1149 878 1211 gazae
900 1143 1007 1192 custos
1028 1131 1155 1213 regiae,

195 1214 311 1272 amicus
326 1211 469 1288 Datami,
492 1211 670 1292 perscripta
684 1211 715 1270 el
729 1210 835 1284 mittit,
857 1209 889 1268 in
909 1209 1024 1304 quibus
1041 1210 1154 1270 docet:

195 1312 268 1351 eum
289 1311 402 1374 magno
423 1290 495 1351 fore
516 1291 678 1371 periculo,
698 1289 725 1349 si
746 1289 823 1371 quid
846 1287 901 1349 illo
923 1301 1099 1370 1mperante
1120 1289 1154 1348 in

152 1371 341 1452 AAegypto
364 1369 490 1430 adversi
511 1370 685 1430 accidisset.
726 1371 871 1450 Namque
896 1389 963 1428 eam
985 1387 1054 1428 esse
1079 1387 1156 1429 con·

193 1449 393 1509 suetudinem
412 1448 544 1528 regiam,
566 1459 602 1506 ut
621 1467 711 1508 casus
733 1447 884 1509 adversos
904 1445 1082 1510 hominibus
1098 1446 1156 1504 tri-

193 1528 307 1601 buant,
329 1527 486 1588 secundos
507 1526 657 1587 fortunae
681 1542 775 1588 suae:
801 1547 865 1610 quo
887 1523 975 1603 fieri,
999 1537 1034 1584 ut
1055 1525 1152 1608 facile

192 1606 234 1664 im
260 1607 395 1665 ellantur
416 1606 456 1664 ad
478 1625 590 1667 eorum
609 1605 799 1685 perniciem,
822 1625 959 1687 quorum
979 1605 1077 1664 ductu
1098 1623 1154 1663 res

191 1627 274 1744 male
299 1694 407 1766 gestae
430 1686 623 1745 rmntientur.
664 1685 757 1744 lllum
783 1683 846 1746 hoo
875 1685 997 1744 maiore
1025 1681 1099 1743 lore
1119 1682 1155 1742 in

193 1762 392 1838 discrimine,
413 1764 518 1858 quod,
545 1763 660 1847 quihus
688 1783 745 1823 rex
765 1763 898 1832 maxime
921 1761 1067 1838 obediat,
1096 1781 1155 1822 eos

152 1840 309 1902 5babeat
341 1841 581 1904 inimicissimos.
620 1842 750 1902 Talibus
782 1842 836 1902 ille
871 1841 971 1902 literis
1000 1841 1154 1920 cognitis,

194 1943 292 2003 quum
319 1922 381 1982 iam
408 1923 448 1984 ad
476 1922 653 1983 exercitum
675 1923 763 1982 Acen
788 1921 945 1998 venisset,
974 1921 1062 2003 quod
1088 1941 1153 1980 non

191 1999 377 2081 ignorabat,
406 2023 443 2062 ea
466 2021 545 2063 vere
573 2001 706 2094 scripta,
738 2001 918 2061 desciscere
940 2023 957 2060 a
977 2019 1056 2078 rege
1078 2019 1154 2060 con-

192 2081 303 2139 stituit.
336 2083 450 2162 Neque
471 2093 576 2140 tamen
596 2099 765 2160 quicquam
786 2079 880 2154 fecit,
903 2079 991 2163 quod
1012 2079 1074 2138 lide
1096 2097 1153 2136 sua

152 2153 277 2219 desset
297 2158 467 2240 indignum.
492 2161 571 2216 Nam
591 2160 808 2220 Mandroclem
829 2159 1007 2239 Magnetem
1031 2156 1155 2218 exerci-

191 2237 238 2294 tui
259 2235 436 2316 praefecit;
467 2236 535 2316 ipse
561 2239 718 2308 cuiusuis
743 2231 774 2298 iia
796 2238 1029 2332 Cappadociam
1050 2237 1155 2295 disce-

155 2367 157 2371 ,
192 2314 255 2389 dit,
281 2315 540 2398 coniunctamque
561 2313 636 2377 huie
657 2315 904 2400 Paphlagoniam
926 2327 1076 2398 occupat,
1099 2333 1155 2374 cc·
1250 2331 1252 2336 ’

190 2393 275 2469 lans,
298 2412 360 2475 qua
380 2394 545 2456 voluntate
568 2409 653 2457 esset
672 2397 704 2456 in
718 2417 846 2480 regem3
869 2398 948 2456 clam
971 2415 1044 2455 cum
1060 2393 1155 2453 Ario-

190 2471 327 2531 barzane
358 2471 436 2532 facit
469 2475 651 2550 amicitiam,
682 2496 808 2536 manum
839 2485 1020 2558 comparat,
1054 2471 1155 2534 urbes

176 2552 324 2610 *munitas
347 2553 410 2611 suis
430 2554 562 2614 tuendas
583 2555 690 2613 tradit.
716 2587 718 2592 ,

216 2653 219 2659 ·
255 2631 308 2691 Vl.
331 2629 395 2690 Sed
414 2631 493 2692 haec
513 2645 651 2714 propter
663 2632 800 2693 hiemale
817 2639 942 2713 tempus
958 2631 1059 2690 minus
1075 2651 1155 2712 pro-

192 2730 206 2769 s
241 2729 287 2770 ,re
314 2711 546 2790 procedebant.
586 2712 700 2786 Audit,
727 2711 848 2770 Pisidas
872 2711 1021 2794 quasdam
1044 2711 1155 2794 copias

192 2809 210 2847 a
232 2809 344 2850 versus
366 2809 545 2871 separare.
573 2791 690 2850 Filium
711 2811 751 2850 eo
772 2790 942 2850 Arsideum
965 2809 1038 2850 cum
1060 2809 1155 2848 excr-

192 2867 256 2927 eitu
275 2867 380 2928 mittit.
405 2869 496 2928 Cadit
515 2870 547 2928 in
568 2870 693 2951 proelio
715 2868 909 2930 adolescens.
930 2866 1156 2951 Proficiscitur

192 2965 232 3025 eo
253 2956 345 3025 pater
367 2947 491 3008 nonita
514 2967 586 3008 cum
604 2969 715 3029 magna
731 2969 841 3022 manu,
863 2949 977 3024 celans,
998 2957 1154 3030 quantum

190 3025 304 3085 vulnus
326 3027 501 3106 accepisset
508 3047 517 3103 ;
546 3027 634 3108 quod
653 3026 743 3163 prius
769 3028 808 3087 ad
831 3027 955 3089 hostem
977 3025 1154 3106 pervenire

192 3103 355 3183 cupiebat,
377 3125 471 3186 quam
490 3105 530 3164 de
551 3125 587 3164 re
609 3125 658 3164 ma
673 3125 691 3166 e
708 3117 795 3186 gesta
816 3106 898 3166 fama
919 3105 957 3164 ad
979 3117 1053 3164 suos
1075 3123 1155 3183 per-

191 3182 331 3246 veniret:
360 3203 400 3243 ne
428 3184 553 3264 cognita
584 3184 643 3244 filii
666 3197 770 3244 morte
792 3185 884 3243 animi
907 3183 1156 3244 debilitarentur

152 3262 335 3322 ambitum.
378 3261 452 3350 Quo
485 3263 709 3337 contenderat,
737 3264 901 3342 pervenit,
927 3262 1042 3344 hisque
1068 3262 1155 3321 loeis

193 3351 294 3400 eastra
318 3343 423 3420 ponit,
451 3352 487 3399 ut
507 3361 611 3422 neque
633 3341 794 3400 circumiri
814 3341 1015 3400 multitudiue
1036 3339 1156 3401 adver-

192 3418 347 3479 sariorum
366 3429 493 3497 posset,
513 3438 619 3500 neque
637 3418 806 3497 impediri,
828 3440 893 3500 que
907 3419 1027 3482 'ninus
1042 3418 1082 3480 ad
1104 3419 1155 3480 di-
