2564 3872
418 399 502 464 XVI.
521 413 729 460 ‘runcarnsu-
742 417 769 460 c.
790 393 819 462 3.
1058 403 1097 482 93

137 560 299 641 potentia.'
317 561 360 620 Hi
388 559 470 618 enirn
491 579 554 620 non
582 560 681 641 magis
705 549 964 620 adversariorum
981 557 1138 640 factio-l,

136 641 184 716 ni,
208 663 303 722 quam
325 640 504 720 Spartanis,
529 659 568 699 eo
590 648 739 719 tempore
760 637 880 698 bellurn
903 636 1097 718 intulerunt,

136 721 191 801 qui
212 720 375 800 principes
396 729 487 776 erant
506 719 606 777 totius
624 718 794 795 Graeciae,
815 736 954 800 quorum
970 719 1097 799 imperii

134 799 299 874 maiestas,
322 819 427 880 neque
446 797 490 854 ita
506 797 605 854 multo
620 807 711 876 post,
736 797 904 856 Leuctrica
928 795 962 874 ⁵)¹
978 819 1097 882 pugna,

106 945 109 951 ¹
132 877 261 937 abhoc
285 878 375 937 initio
396 875 545 956 perculsa
568 872 614 952 ⁶),
637 875 786 934 concidit.
826 872 874 933 llli
897 876 995 955 igitur
1019 883 1137 946 duo5

132 955 255 1030 decim,
285 977 424 1040 quorum
446 965 515 1013 erat
540 953 604 1013 dux
626 953 814 1034 Pelopidas,
845 975 942 1036 quum
962 957 1095 1019 Athenis

129 1035 272 1094 interdiu
306 1035 462 1108 exissent,
494 1045 530 1093 ut
558 1043 809 1114 ¹vesperascente
846 1033 939 1094 coelo
969 1037 1095 1098 'l'hebas

128 1126 263 1194 possent
286 1113 477 1195 pervenire,
509 1132 581 1172 curn
603 1112 733 1172 canibus
755 1113 908 1173 venaticis
932 1113 1094 1193 exierunt,
1123 1115 1140 1144 ·'

127 1193 209 1252 retia
223 1193 385 1270 ferentes,
405 1192 522 1253 vestitu
539 1193 673 1276 agresti,
696 1213 760 1274 quo
776 1192 898 1253 minore
912 1193 1093 1273 suspicione

128 1271 276 1332 facerent
295 1274 378 1333 iter.
399 1271 465 1360 Qui
486 1293 583 1354 quum
597 1284 745 1352 ternpore
766 1270 854 1364 ipso,
876 1291 942 1354 quo
963 1274 1094 1333 studue-

129 1357 217 1428 rant,
242 1353 480 1433 pervenissent,
503 1351 632 1420 domum
657 1351 815 1412 Charonis
832 1352 1049 1429 devenerunt,
1075 1373 1093 1412 a
1123 1349 1128 1360 ⁵

130 1451 194 1514 quo
216 1443 250 1491 et
270 1444 396 1513 ternpus
419 1443 452 1491 ot
472 1431 540 1492 dies
563 1442 631 1492 erat
656 1431 756 1490 datus.
812 1455 813 1458 ¹

208 1512 260 1568 Ill.
292 1513 366 1572 Hoc
393 1512 467 1571 loco
488 1511 568 1571 libet
589 1512 816 1592 interponere,
837 1508 899 1569 etsi
918 1509 1130 1572 seiunctumr
1232 1554 1235 1572 .

128 1587 222 1648 abre
238 1591 403 1672 proposita
426 1602 493 1665 est,
514 1591 607 1650 nimia
627 1589 742 1650 fiducia
787 1601 901 1649 uentae
923 1585 1092 1648 calamitati

128 1669 231 1729 soleat
255 1690 334 1730 esse.
377 1672 455 1728 Nam
479 1669 720 1749 magistratuum
741 1611 967 1727 Thebanorum
986 1669 1092 1728 statim
1154 1718 1166 1734 .

129 1746 169 1806 ad
198 1768 291 1808 aures
318 1747 483 1828 pervenit,
511 1749 620 1806 exules
649 1746 680 1805 in
699 1747 814 1806 urbem
835 1746 1013 1806 devenisse.
1055 1747 1091 1806 ld

127 1825 191 1901 illi,
206 1828 292 1888 'vino
315 1825 483 1906 epulisque
513 1823 631 1899 dediti,
660 1833 763 1908 usque
796 1833 836 1883 e‘o
859 1822 1098 1906 despexerunt,

128 1913 219 1963 utne
236 1923 393 1986 quaerere
411 1902 542 2042 puidem
554 1903 597 1962 de
611 1915 697 1962 tanta
711 1923 748 1962 re
765 1901 947 1963 laborarint.
974 1903 1093 1960 Accea·
1112 1920 1129 1962 2

56 2046 58 2053 ,
126 1983 169 2042 sit
200 1983 313 2058 etiam,
344 2003 408 2066 quo
455 1981 554 2062 magis
582 1983 724 2064 aperiret
754 1999 865 2042 eorum
891 1979 1091 2047 dementiam.

125 2061 232 2122 Allata
254 2072 303 2122 est
332 2063 415 2122 enim
435 2060 570 2140 epistola
592 2061 724 2122 Athenis
747 2061 785 2120 ab
809 2057 927 2120 Archia
948 2058 1092 2140 [,bierc*

126 2140 282 2222 phante,]
306 2139 335 2222 7)
357 2143 412 2201 uni
433 2161 473 2200 ex
493 2139 558 2214 his,
579 2139 734 2218 Archiae,
757 2139 899 2223 quitum
921 2139 1091 2199 maximum

126 2221 343 2302 magistratum
356 2214 487 2282 Thebis·
495 2219 674 2298 obtinebat,
697 2223 729 2280 in
751 2218 938 2304 quaomnia
960 2219 1000 2278 de
1014 2239 1096 2300 pro-

125 2297 265 2360 fectione
288 2303 432 2360 exsulum
453 2301 632 2382 perscripta
657 2311 753 2362 erant.
796 2299 887 2381 Quae
909 2319 1007 2391 quum
1028 2299 1089 2358 iam
1122 2323 1126 2335 ·

126 2379 295 2439 accubanti
309 2381 342 2439 in
358 2379 507 2442 convivio
520 2393 606 2440 esset
621 2381 709 2458 data,
731 2380 814 2440 sicut
829 2389 899 2438 erat
909 2389 1029 2460 signata
1043 2374 1087 2455 ⁸),

126 2455 185 2516 sub
205 2459 372 2537 pulvinum
393 2457 579 2528 subiiciens,
608 2460 849 2534 incrastinum,
877 2457 996 2540 inquit,
1026 2455 1088 2516 dif-

124 2534 199 2596 fero
233 2555 285 2594 res
313 2557 450 2600 severas.
490 2539 534 2596 At
559 2539 605 2598 illi
644 2559 783 2614 omnes,
807 2557 906 2617 quum
933 2537 994 2596 iam
1020 2537 1126 2601 nord

104 2614 300 2694 processit,
328 2615 481 2677 vinolenti
510 2615 549 2673 ab
580 2618 759 2691 exsulibus,
799 2615 882 2673 duce
912 2615 1087 2695 Pelopida,

124 2702 199 2754 sunt
225 2692 397 2754 interfecti.
438 2691 562 2783 Quibus
588 2695 685 2757 rebus
712 2692 885 2766 confectis,
917 2693 1015 2772 vulgo
1046 2693 1087 2752 ad
1120 2701 1124 2708 “

125 2789 214 2832 arma
234 2770 479 2855 libertatemque
501 2785 633 2850 vocato,
662 2797 725 2838 non
747 2774 850 2833 solum
872 2769 927 2850 qui
946 2770 978 2829 in
998 2770 1086 2830 urbe

124 2861 232 2927 erant,
246 2851 304 2910 scd
317 2852 413 2912 etiam
426 2850 567 2934 undique
583 2871 623 2912 ex
636 2857 719 2938 agris
735 2859 980 2929 concurrerunt,
992 2867 1086 2932 prae-

125 2993 291 3007 u—--.-
300 3000 302 3002 .

173 3058 200 3127 5)
219 3061 256 3110 ita
272 3055 351 3112 codd.
373 3052 489 3122 Guelph.
511 3053 559 3104 Ax.
579 3053 669 3105 Boecl.
688 3057 754 3114 Dan.
774 3085 807 3094 -
826 3056 860 3107 al.
876 3065 942 3124 post
956 3051 1081 3104 leuctri-

101 3143 104 3150 ⁴
123 3142 182 3176 cnm
200 3143 330 3194 pugnam.
349 3150 383 3163 ·-
406 3121 434 3189 6)
453 3119 533 3171 codd.
549 3137 691 3189 percussa,
712 3125 746 3174 cl.
762 3125 840 3173 Heus.
860 3173 862 3178 ,

174 3193 201 3261 7)
228 3195 306 3246 Bar-d.
326 3193 359 3242 al.
385 3189 552 3240 incluserunt
570 3197 599 3236 ut
616 3207 665 3257 per
684 3193 815 3255 glossema
833 3191 973 3253 additum3
998 3185 1080 3242 codd.

120 3263 194 3312 varia
216 3269 244 3310 et
262 3261 365 3310 diversa
384 3257 525 3324 praebent.
545 3255 606 3307 Ald.
620 3259 714 3326 ⁸Rickl.
734 3261 819 3311 Wetz.
838 3262 906 3308 Titz.
934 3261 967 3308 al.
987 3253 1081 3306 edide·
1121 3313 1123 3318 ¹

120 3337 200 3380 runt:
226 3326 260 3376 ab
274 3325 394 3385 Archia,
415 3324 609 3394 hierophante,
627 3325 743 3376 Archiae
763 3335 830 3390 etc,
847 3327 951 3377 omissis
969 3321 1080 3372 vocibus

122 3396 174 3512 ιᾶηι·
190 3413 224 3512 alp
241 3393 303 3459 hta,
323 3391 398 3460 quod
415 3393 512 3458 placet.
531 3411 567 3434 ⁶·-
590 3393 618 3462 8)
635 3391 674 3445 ul.
688 3397 761 3446 sicut
779 3405 855 3456 erat,
876 3395 1024 3460 sigrtutum.
1045 3389 1079 3440 cl.

148 3461 197 3514 lint
217 3497 225 3513 ι
915 3477 918 3488 ⁸
1112 3469 1122 3479 Ἰ
