2524 3872
548 992 575 1058 1.

327 1151 794 1226 MILTIADES.

517 1327 624 1342 Ἀ

441 1465 697 1521 Anuurffltrutt.

131 1635 198 1705 Cup.
216 1638 238 1688 I.
255 1638 315 1688 Dux
333 1638 495 1690 colonorum
509 1635 644 1686 Miltiades
662 1635 689 1684 in
702 1632 898 1686 Chersonesum
914 1636 1038 1688 mittitur.

71 1703 209 1754 Irridetur
222 1721 238 1754 o
253 1705 379 1757 Lemniis.
395 1733 429 1744 -
447 1705 481 1754 II.
499 1702 669 1753 Chersoneso
688 1703 803 1769 potitur,
821 1704 951 1754 Lemnum
965 1706 1039 1772 cupit

73 1780 102 1823 ct
122 1770 144 1825 C
163 1771 263 1822 clades.
278 1802 312 1815 -
337 1773 385 1822 111.
403 1772 495 1822 Pontis
509 1771 536 1818 in
554 1771 643 1819 Ilistro
661 1777 751 1819 custos
766 1786 781 1819 a
795 1770 893 1834 Dario,
913 1774 957 1838 qui
974 1773 1038 1838 Sey·

73 1835 127 1888 this
146 1789 251 1888 Aulum
265 1840 362 1901 insert,
380 1838 561 1890 constituitur.
580 1835 748 1884 Graecorum
765 1837 931 1886 ePersnrum
950 1839 1038 1887 dorni·

72 1907 184 1954 notione
202 1905 406 1955 liberandorum
418 1903 561 1953 consilium
573 1901 627 1950 dot.
643 1900 686 1952 Ab
705 1901 823 1951 llistioeo
840 1904 994 1970 impeditur.
1004 1929 1040 1946 -

72 1971 122 2021 IV.
142 1972 226 2022 Dorio
238 1970 359 2020 Graecos
374 1971 446 2020 bello
462 1976 587 2035 petente,
606 1969 659 2016 suis
675 1975 829 2031 ostentetur,
849 1969 952 2018 obvium
969 1970 1039 2020 hosti

72 2045 147 2088 enni.
162 2065 195 2076 -
214 2037 247 2086 V.
265 2037 335 2088 Ante
348 2036 511 2085 auxiliorum
528 2033 670 2084 adventum
688 2035 782 2084 Persas
800 2036 871 2102 opud
881 2037 1039 2086 Moruthona
1083 2049 1088 2060 ·

72 2099 158 2154 vincit
178 2101 260 2170 (anno
272 2101 356 2168 490³.
369 2101 433 2153 Chr.
446 2099 486 2169 n.)
498 2131 531 2142 -
549 2102 595 2151 VI.
612 2101 764 2152 Praemium
778 2103 912 2154 victorine.
929 2132 960 2142 -
978 2105 1037 2153 VII.

72 2173 112 2222 lte
138 2171 237 2221 inlecta
257 2171 291 2220 ab
314 2170 517 2238 oppugnatione
533 2170 593 2219 Pori
612 2169 714 2220 instslae
733 2169 855 2220 discedit.
891 2173 1039 2221 Domnulus·

74 2237 334 2289 ebAtheniensihus
350 2246 378 2290 et
395 2239 424 2288 In
436 2237 550 2288 uinculis
562 2237 688 2288 moritur.
703 2265 737 2279 -
755 2237 827 2289 VIII.
845 2239 914 2290 Vera
928 2239 1038 2290 domne·

73 2307 157 2356 tionis
180 2321 267 2356 causo.
1081 2313 1084 2320 “

153 2452 178 2511 Ι.
208 2453 407 2532 Murrentio,
430 2453 568 2532 Cimonis
589 2452 690 2528 filins,
706 2451 923 2529 Atheniensis,
941 2472 1038 2535 quum
1062 2473 1075 2511 ι

77 2540 112 2590 et
128 2530 315 2613 antiquitate
334 2534 477 2610 generis,
500 2545 532 2594 et
548 2532 649 2626 gloria
663 2531 835 2607 maiorum,
855 2544 888 2591 et
900 2553 958 2591 sua
971 2551 1039 2592 mo·

77 2607 180 2670 destia
200 2630 281 2668 unus
310 2611 450 2671 omnium
480 2631 614 2671 maxime
642 2608 793 2686 floreret,
822 2630 923 2692 eoque
955 2621 1060 2680 esset¹

77 2699 199 2766 aetate,
227 2699 264 2747 ut
290 2687 352 2748 iam
373 2711 436 2750 non
458 2691 561 2749 solum
583 2689 623 2749 de
644 2709 685 2760 eo¹
707 2688 789 2749 bene
814 2710 962 2770 sperare,
982 2689 1040 2750 sed

77 2767 174 2826 etiam
204 2767 370 2828 confidere
400 2768 487 2830 cives
512 2781 643 2849 possent
669 2768 735 2841 sui,
761 2768 857 2827 telem
883 2767 1040 2844 littorum,

77 2847 207 2984 pualem
229 2847 393 2927 cognitum
407 2846 603 2907 iudicarunt:
628 2846 759 2922 accidit,
774 2857 810 2906 ut
829 2845 1038 2908 Athenienses

97 2925 316 2985 'hersonesum
336 2926 468 2987 colonos
488 2926 609 2987 vellent
621 2924 757 2985 mittere.
793 2925 889 2984 Cuius
911 2926 1038 3007 generis
1060 2945 1079 2986 2

77 3025 176 3096 quirin
197 3025 327 3086 magnus
347 3025 499 3064 numerus
522 3015 618 3081 esset,
639 3015 672 3065 et
692 3004 782 3063 multi
803 3004 870 3064 eius
885 3005 1041 3066 dominre-

38 3130 40 3136 ,
77 3083 172 3143 tionis
198 3094 347 3163 peterent
376 3084 578 3148 societatem:
612 3104 651 3144 ex
676 3081 724 3142 his
749 3082 866 3144 delecti
893 3085 979 3166 Deip
1003 3105 1040 3146 os

77 3161 290 3223 deliberatum
304 3163 493 3242 missisunt,
514 3162 570 3246 qni
585 3161 789 3226 consulerent
801 3163 984 3244 Apollinem
1001 3163 1040 3244 ¹),

74 3317 281 3332 m

33 3419 35 3438 t
147 3387 172 3457 ι)
198 3389 251 3457 otti
275 3387 449 3465 considerent
472 3385 641 3455 Apolh'nem,
668 3386 765 3450 absunt
784 3385 851 3440 haec
875 3389 1039 3444 vocubuln

78 3454 161 3506 codd.
182 3458 268 3505 Ernst.
286 3454 361 3503 Letd.
380 3454 427 3520 lt,
448 3457 493 3505 ulle
510 3453 544 3505 ci.
563 3455 648 3507 [trem.
666 3480 701 3497 ι-

181 3539 264 3590 Corn.
281 3538 381 3604 Nepos.
604 3597 608 3606 ¹
883 3540 901 3582 2
