2564 3872
183 449 224 522 84
446 440 519 506 XV.
537 455 785 500 reinmarum.
808 455 837 498 u.
857 437 886 500 3.

145 615 165 679 4
185 606 331 680 mittere,
353 601 441 686 quod
455 601 615 683 pertineat
633 597 672 658 ad
692 617 761 658 eam
776 595 1006 656 declarandam.
1036 594 1146 682 Quare

185 685 327 746 dicemus
357 683 496 764 primum
525 681 565 742 de
600 697 719 760 genere
750 675 834 752 eius,
865 675 998 750 deinde,
1029 675 1146 758 quibus

184 761 356 842 disciplinis
378 774 411 822 et
432 760 584 843 aquibus
605 758 646 818 sit
667 755 830 830 eruditus3
849 763 919 813 tum
940 753 981 813 de
1002 755 1146 816 moribus

184 840 366 923 ingeniique
382 839 601 913 facultatibus,
622 847 656 896 et
673 835 699 894 si
714 855 778 917 qua
798 833 857 894 alia
877 833 972 914 digna
990 835 1146 895 memoria

185 929 294 995 erunt3
326 931 492 999 pestremo
517 918 557 978 dc
581 914 680 976 rebus
726 913 819 993 estis,
850 933 931 995 quae
958 913 1145 992 aplurimis

135 1038 139 1042 -
185 998 324 1059 omnium
346 1008 581 1079 anteponuntur
604 995 718 1055 virtuti
739 1013 786 1052 us.

265 1080 302 1136 ll.
341 1079 440 1136 Natus
469 1075 567 1156 igitur
591 1085 700 1154 patre,
731 1092 796 1152 quo
829 1069 981 1148 diximus,
1007 1071 1144 1133 honesto

185 1173 323 1235 genere,
355 1175 479 1235 pauper
499 1153 560 1212 iam
582 1173 599 1210 a
620 1150 790 1210 maioribus
818 1149 967 1225 relictus,
999 1151 1144 1211 eruditus

185 1244 291 1292 autem
310 1233 371 1308 sie,
391 1244 427 1292 ut
444 1251 538 1292 nemo
553 1229 722 1290 Thebanus
743 1228 855 1312 magis.
892 1229 971 1286 Nam
992 1239 1025 1288 et
1046 1230 1145 1289 citha-

184 1310 308 1390 rizare,
337 1323 370 1372 et
395 1323 521 1372 cantare
544 1309 583 1368 ad
607 1307 801 1369 chordarum
822 1327 935 1368 sonum
959 1306 1073 1367 doctus
1095 1321 1146 1370 est

184 1411 201 1449 a
225 1389 308 1451 Dion
330 1391 396 1465 sio,
431 1389 569 1472 quinon
588 1388 716 1458 minore
731 1386 792 1446 fuit
817 1387 849 1446 in
872 1385 998 1447 musicis
1023 1378 1152 1469 gloria,x

184 1490 279 1551 quam
299 1413 424 1529 liemon
449 1479 500 1528 aut
523 1469 690 1560 Lamprus,
733 1486 850 1526 uorum
891 1467 1056 1550 ervulgata
1074 1479 1146 1528 sunt

182 1548 308 1609 nomina
315 1570 324 1624 3
346 1559 471 1608 cantare
493 1541 524 1624 ὃ)
545 1546 629 1606 tibiis
653 1544 692 1604 ab
712 1486 966 1624 hlympiedorm
988 1547 1104 1606 saltare
1127 1567 1146 1607 a

144 1644 162 1686 a
186 1626 400 1706 Calliphrone.
425 1627 486 1686 'At
509 1624 635 1706 philoso
658 1624 730 1683 hiae
757 1626 1003 1704 praeceptorem
1033 1625 1146 1686 habuit

183 1705 304 1784 Lysim,
335 1705 557 1780 Tarentinum,
584 1645 836 1784 Pythagoreum:
865 1704 915 1762 cui
944 1704 1074 1786 quidem
1098 1705 1145 1766 sic

183 1781 245 1843 suit
266 1784 408 1861 deditus,
430 1796 465 1844 ut
482 1783 667 1844 adolescens
681 1781 806 1840 tristem
828 1794 860 1842 et
873 1801 1022 1844 severum
1035 1803 1144 1844 senem

184 1863 329 1924 omnibus
351 1863 535 1948 aequalibus
551 1862 613 1921 suis
634 1860 666 1918 in
685 1858 896 1920 familiaritate
913 1861 1144 1941 anteposuerit,

183 1961 288 2024 neque
309 1943 398 2024 prius
424 1964 497 2003 eum
519 1963 536 2000 a
557 1961 591 2000 se
614 1937 784 2013 dimiserit,
811 1961 906 2021 quam
931 1940 962 1998 in
989 1941 1144 2001 doctrinis

182 2029 270 2080 tauto
286 2023 455 2082 antecessit
474 2017 726 2098 condiscipulos,
747 2027 783 2074 ut
802 2017 898 2078 facile
913 2019 1049 2100 intelligi
1093 2041 1145 2082 os-

182 2108 248 2173 set,
268 2101 338 2177 pari
354 2101 450 2160 mode
465 2108 692 2177 superaturum
708 2113 819 2155 omnes
835 2097 868 2154 iu
882 2098 997 2158 ceteris
1013 2110 1073 2158 artr
1096 2120 1144 2160 us.

142 2175 290 2256 3Atque
318 2177 397 2238 hacc
424 2177 464 2236 ad
492 2186 633 2235 nostram
662 2173 921 2234 consuetudinem
942 2189 1014 2236 sunt
1043 2177 1144 2256 levia,
1179 2245 1184 2262 ἱ

182 2263 215 2313 ct
241 2255 347 2333 potius
377 2253 605 2316 contemnenda
613 2274 623 2329 3
655 2263 685 2310 at
706 2252 737 2310 in
762 2252 896 2312 Graecia
925 2255 1036 2338 utique
1067 2257 1145 2320 olim

181 2333 418 2412 magnaelaudi
441 2345 539 2392 erant.
579 2333 754 2414 Postquam
779 2329 923 2412 ephebus
938 2333 1053 2396 'sactus
1082 2348 1144 2414 est,

181 2420 214 2470 et
233 2411 410 2503 palaestrae
433 2411 510 2471 dare
532 2433 663 2493 operam
684 2410 809 2490 coepit,
829 2423 969 2472 nontam
988 2415 1144 2508 magnitu-

181 2488 246 2549 dim
268 2489 382 2550 virium
405 2491 555 2567 servivit,
579 2513 674 2574 quam
697 2488 867 2550 velocitati.
894 2491 982 2550 illam
1002 2513 1084 2553 emm
1102 2493 1143 2554 ad

181 2567 371 2629 athletarum
394 2590 503 2644 usum,
531 2569 611 2630 hane
639 2570 679 2630 ad
704 2566 782 2628 belli
804 2569 1142 2632 existimabat'utilita·

139 2645 245 2708 btem
271 2649 444 2726 pertinere.
484 2651 595 2732 ltaque
623 2646 836 2709 exercebatur
865 2648 1038 2730 plurimum
1067 2669 1139 2711 cur-

178 2725 280 2785 rendo
305 2740 339 2788 et
360 2727 509 2790 luctando
531 2727 664 2788 adeum
684 2723 799 2800 finem,
821 2727 929 2808 quoad
949 2738 1032 2788 stans
1054 2749 1143 2791 com·
1200 2791 1203 2800 ,

178 2803 275 2884 plecti
295 2821 406 2886 posset
433 2818 528 2888 atque
551 2807 755 2868 contendere.
798 2805 834 2864 Iu
854 2806 948 2866 armis
968 2807 1143 2888 plurimum

177 2882 273 2942 studii
297 2885 514 2946 consumebat.
726 2949 728 2952 .

255 2963 307 3021 111.
345 2963 396 3023 Ad
425 2964 506 3024 hano
539 2964 686 3045 corporis
714 2960 896 3026 firmitatem
946 2965 1017 3024 lura
1045 2964 1141 3028 etiam

177 3039 271 3100 animi
289 3038 374 3106 hona
395 3055 603 3104 accesserant.
647 3044 728 3104 Erat
749 3045 833 3106 euim
852 2985 1034 3119 modbstus,
1062 3063 1140 3124 pru·

176 3117 272 3195 dens,
306 3123 427 3199 gravis,
464 3122 664 3202 temporibus
693 3122 853 3202 sapienter
872 3133 985 3199 utens,
1013 3123 1141 3203 peritus

175 3197 270 3274 belli,
290 3195 384 3262 fortis
400 3201 521 3283 [manu]
541 3197 590 3280 ⁹),
607 3200 710 3262 animo
724 3201 879 3280 maxim03
896 3199 978 3264 adeo
992 3199 1138 3264 veritatis

140 3349 327 3368 ffl-

231 3494 307 3545 uucis
325 3493 423 3544 inclusi
439 3499 539 3551 manu,·
556 3505 581 3547 v,
599 3487 643 3540 ed.
659 3487 736 3540 licid.

187 3422 215 3559 δέ
236 3425 273 3474 ita
282 3424 362 3476 codd.
374 3423 492 3492 Guelph.
503 3421 600 3472 Laidd.
613 3423 681 3472 Dan.
699 3447 734 3461 -
751 3420 796 3471 alii
815 3393 943 3474 carmina
957 3430 1073 3474 cantare
1085 3419 1134 3474 tit.

183 3507 202 3558 9
