2524 3872
191 457 233 532 46
472 451 531 515 VII
556 471 763 513 nnctmanns.
789 453 817 513 3.

182 618 214 676 in
239 614 334 677 domo
355 631 412 674 sua
436 611 547 675 faeere
568 611 717 692 mysteria
739 610 903 673 dicebatur
927 607 1033 695 (quod
1053 608 1146 672 nei-'ai

184 707 253 755 crat
268 714 359 754 more
376 692 649 770 Atheniensium:
679 691 775 775 idque
796 711 859 752 non
880 691 919 750 ad
937 692 1146 772 religionem,

183 774 241 836 sed
263 772 302 832 ad
324 771 573 832 coniurationem
593 771 756 852 pertinere
777 770 1025 830 existimabatur.

247 853 302 914 IV.
323 853 396 910 Hoc
410 850 540 910 crimine
551 850 584 908 in
599 850 753 910 concione
769 850 807 908 ab
823 849 956 909 inimicis
973 850 1145 931 compella·

182 930 277 990 batur
289 928 328 1010 ⁵).
350 929 414 989 Sed
430 929 566 988 instabat
580 940 705 1008 tempus
720 928 760 987 ad
775 927 895 987 bellum
909 923 1146 1009 proficiscendi.
1206 995 1209 1004 ¹

183 1011 220 1068 ld
240 1009 295 1068 ille
315 1009 456 1084 intuens,
480 1027 586 1088 neque
607 1007 755 1088 ignorans
777 1007 894 1067 civium
917 1025 1047 1066 suorum
1070 1028 1147 1068 con-

184 1088 403 1163 suetudinem,
426 1086 626 1167 postulabat,
652 1085 677 1144 si
702 1085 778 1168 quid
803 1086 843 1145 de
868 1105 903 1144 se
927 1086 978 1166 agi
1012 1088 1144 1156 vellent,

184 1167 291 1248 potius
314 1167 354 1226 dc
379 1178 550 1247 praesente
579 1165 721 1246 quaestio
750 1164 942 1239 haberetur,
974 1185 1068 1246 quam
1090 1165 1147 1223 ab·

145 1267 163 1307 a
187 1267 257 1307 sens
281 1245 416 1306 invidiae
438 1244 567 1304 crimine
592 1255 804 1304 accusaretur.
840 1243 960 1304 Inimici
978 1263 1056 1304 vero
1077 1245 1145 1304 eius

184 1323 411 1408 quiescendum
427 1324 459 1382 in
501 1323 656 1398 raesenti,
679 1323 753 1404 quia
767 1322 879 1382 noceri
898 1343 962 1382 non
981 1343 1077 1402 posse
1099 1324 1146 1382 in-

183 1401 386 1483 telligebant,
414 1413 447 1462 et
473 1343 552 1460 plud
571 1413 697 1481 tempus
725 1401 968 1480 exspectandum
991 1402 1145 1462 decreve-

183 1494 274 1557 runt,
329 1501 370 1540 uo
400 1481 526 1554 exisset,
553 1492 590 1540 ut
616 1481 661 1539 sic
685 1480 847 1540 absentem
875 1481 1143 1572 aggrederentur:

144 1562 163 1624 3
185 1562 291 1642 itaque
306 1502 463 1619 iecerunt.
484 1561 563 1617 Nam
578 1571 748 1641 postquam
767 1559 799 1617 in
820 1557 958 1618 Siciliam
980 1579 1052 1618 eum
1071 1579 1145 1640 per-

184 1658 309 1701 venisse
331 1638 552 1713 crediderunt,
573 1637 750 1714 absentem,
774 1637 862 1719 quod
878 1656 966 1697 sacra
980 1638 1145 1712 violasset,

184 1737 276 1777 reum
296 1715 454 1776 fecerunt.
480 1716 551 1801 Qua
573 1716 613 1777 de
634 1737 670 1775 re
693 1737 791 1798 quum
812 1717 843 1775 ei
863 1717 989 1776 nuntius
1012 1739 1029 1776 a
1047 1717 1145 1798 magi-

169 1807 287 1864 ,stratu
306 1795 338 1855 in
360 1795 498 1855 Siciliam
513 1795 624 1854 missus
645 1807 745 1871 esset,
766 1807 803 1854 ut
823 1795 952 1856 domum
966 1796 1006 1854 ad
1020 1816 1145 1855 causam

184 1874 349 1934 dicendam
369 1875 508 1946 rediret,
533 1885 680 1955 essetque
701 1873 733 1933 in
753 1893 864 1954 magna
880 1893 936 1953 spe
957 1875 1143 1967 provinciae

184 1954 267 2013 bene
283 1953 561 2026 administrandae,
583 1972 646 2010 non
668 1973 784 2032 parere
806 1953 924 2028 noluit,
946 1965 1030 2012 ct1n
1050 1954 1144 2012 trire-

186 2032 320 2108 memss),
336 2053 419 2115 quae
435 2033 474 2091 ad
490 2053 563 2090 eum
578 2031 811 2110 deportandum
826 2042 895 2090 erat
909 2031 1018 2107 missa,
1037 2052 1145 2092 ascen·

146 2121 166 2186 4
188 2111 243 2170 dit.
275 2113 344 2169 Hac
360 2111 497 2171 Thurios
519 2111 551 2168 in
572 2111 691 2169 ltaliam
712 2123 901 2190 pervectus,
921 2112 1020 2170 multa
1036 2129 1145 2172 secum

185 2201 337 2268 reputans
358 2189 398 2248 dc
420 2189 629 2248 immoderata
646 2189 761 2249 civium
776 2209 905 2248 suorum
927 2189 1054 2250 licentia
1074 2209 1145 2248 cru-

186 2267 381 2349 delitateque
406 2288 483 2348 erga
506 2268 648 2342 nobiles,
671 2267 872 2326 utilissimum
896 2279 1000 2344 ratus,
1025 2269 1146 2348 impen-

187 2345 315 2405 dentem
344 2347 463 2406 cvitare
489 2359 730 2426 tempestatem,
760 2347 840 2406 clam
863 2365 897 2405 se
922 2367 939 2405 a
960 2347 1145 2407 custodibus

143 2467 145 2471 ,
186 2424 353 2498 subduxit,
383 2439 416 2485 et
443 2425 516 2484 inde
540 2425 678 2506 primum
698 2423 842 2498 Elidem,
874 2425 988 2485 deinde
1019 2425 1144 2486 'l'hebas

104 2549 108 2558 -
147 2503 283 2566 evenit.
322 2505 495 2586 Postquam
520 2515 625 2562 autem
649 2523 683 2562 se
706 2503 817 2582 capitis
836 2503 1031 2579 damnatum,
1053 2504 1145 2564 bonis

186 2581 371 2661 publicatis,
393 2583 527 2657 audivit,
549 2593 590 2655 et,
612 2581 645 2639 id
660 2581 748 2662 quod
770 2601 830 2640 usu
844 2595 993 2658 venerat,
1014 2585 1145 2643 Eumol-

186 2661 276 2739 pidas
291 2662 473 2722 sacerdotes
496 2683 512 2719 a
530 2660 652 2738 populo
669 2671 815 2736 coactos,
834 2673 869 2720 ut
884 2681 919 2720 se
934 2661 1144 2738 devoverent,

145 2769 148 2782 ·
187 2743 319 2821 eiusque
351 2739 546 2811 devotionis,
578 2759 642 2828 quo
678 2739 824 2798 testatior
854 2751 940 2798 essct
970 2743 1144 2816 memoria,

187 2819 386 2898 exemplum,
406 2819 438 2876 in
480 2817 520 2874 ila
541 2816 666 2896 lapidea
689 2818 837 2891 incisum,
858 2837 928 2877 esse
948 2819 1097 2910 positum.
1112 2821 1143 2880 in

147 2896 335 2976 6pnblico,
368 2839 640 2956 Lacedaemonem
672 2897 871 2977 demigravit.
918 2895 982 2972 Ibi,
1012 2910 1048 2957 ut
1075 2898 1144 2978 ipsc

185 2977 371 3054 praedicare
400 2987 629 3048 consueverat,
658 2997 722 3036 non
742 2977 895 3036 adversus
915 2976 1065 3056 patriam,
1087 2977 1144 3036 scd

185 3055 327 3115 inimicos
350 3075 424 3114 suos
452 3053 573 3111 bellum
594 3055 709 3133 gessit,
759 3055 825 3114 uod
848 3054 945 3114 iidem
964 3053 1073 3115 hostes
1095 3075 1144 3114 es·

142 3153 147 3170 ·
185 3145 256 3193 sent
280 3134 408 3195 civitati.
450 3133 529 3191 Nam
551 3151 649 3213 quum
664 3077 896 3215 inteiiigerent,
917 3151 952 3193 se
971 3132 1144 3213 plurimum

177 3285 352 3298 ”uu——

238 3368 266 3434 5)
292 3365 386 3416 Tascb.
404 3366 497 3418 dedit:
522 3369 552 3418 t'u
572 3372 770 3420 coartentionem
861 3371 1090 3439 compellebatur,
1107 3373 1142 3424 ci.

187 3433 289 3486 Daebn.
308 3456 341 3472 ···
368 3432 397 3500 6)
417 3434 478 3485 Bos.
501 3438 625 3498 trierem,
649 3453 674 3494 v.
693 3437 762 3488 Stav.
782 3446 809 3489 et
830 3436 908 3488 Bard.
