2524 3872
494 383 533 440 X.
557 397 649 442 mon.
671 399 701 440 a.
724 382 754 444 3.
1074 384 1109 443 ot

149 559 252 626 quum
274 535 361 600 Ilion
382 535 449 600 eius
465 536 611 599 audiendi
626 533 801 620 cupiditate
814 535 975 620 flagraret.
1015 539 1115 600 Dedit

148 640 228 702 ergo
251 621 481 695 hamtoniam,
501 639 551 678 ma
576 637 678 700 naque
699 639 773 678 eum
795 617 964 678 ambitione
981 617 1114 697 Syracu*

148 721 197 760 aas
218 699 381 780 perduxit.
426 699 532 784 Quem
553 640 641 756 llion
664 695 744 758 adeo
763 695 933 756 admiratus
948 708 998 756 est
1015 710 1111 781 atquo
1133 695 1153 756 3

147 778 323 852 adamavit,
344 789 381 836 ut
395 797 429 836 se
443 789 547 836 totum
563 777 593 836 ei
610 775 762 835 traderet.
793 779 904 858 Neque
916 793 996 838 voro
1011 779 1114 840 minus

146 859 242 917 Plato
264 855 441 916 dolectatus
463 866 511 916 ost
525 855 639 915 Dione.
672 857 782 936 ltaque
802 875 899 938 quum
921 878 938 926 a
960 857 1114 935 Dionysio

146 936 309 1017 [tyranno]
335 931 364 1014 ²)
389 934 566 995 crudeliter
587 935 722 994 violatus
745 947 848 1009 esset,
876 935 996 1016 quippo
1016 955 1114 1018 quam

148 1011 337 1075 venumdari
367 1014 526 1088 iussisset,
554 1025 658 1072 tamen
687 1011 802 1073 eodem
825 1013 939 1088 rediit,
969 1015 1114 1074 eiusdem

147 1090 261 1152 Dionis
283 1092 436 1174 precihus
453 1091 618 1152 adductus.
647 1091 772 1152 Interim
793 1093 825 1152 in
841 1091 988 1152 morbum
1004 1093 1114 1153 incidit
1132 1102 1154 1167 4

146 1173 327 1251 Dionysius.
349 1173 425 1252 Quo
437 1193 534 1254 quum
547 1172 637 1252 gravi
648 1171 678 1249 3)
692 1169 941 1248 conflictantur,
956 1174 1114 1264 quaesivit

147 1250 306 1312 almediois
322 1253 422 1328 Dion,
442 1249 709 1334 quomadmodum
724 1271 758 1310 se
774 1250 932 1311 haberet?
954 1254 1114 1334 smulque

148 1331 187 1390 ab
211 1330 388 1410 hispatio,
411 1331 437 1389 si
458 1331 545 1390 forta
566 1330 679 1392 maiori
700 1342 785 1390 esset
806 1331 971 1412 periculo,
995 1343 1032 1390 ut
1054 1331 1114 1390 silri
1142 1363 1145 1371 ·

147 1409 342 1482 faterentur:
363 1431 434 1468 nam
449 1411 532 1470 vello
548 1429 667 1470 secum
682 1430 722 1470 eo
738 1410 881 1494 colloqui
892 1410 933 1469 de
945 1409 1113 1491 partiendo

146 1507 267 1570 regn03
289 1487 377 1570 quod
399 1489 520 1548 sororis
540 1500 616 1548 suae
638 1487 719 1551 filios
742 1509 782 1549 ex
802 1491 857 1551 illo
877 1500 967 1550 natos
988 1500 1113 1570 partem

146 1567 239 1648 regni
259 1568 392 1648 putabat
412 1567 532 1628 debere
556 1566 687 1629 habere.
726 1569 762 1627 ld
785 1569 902 1631 medici
921 1589 985 1628 non
1006 1567 1153 1628 nonest

147 1658 238 1718 runt,
269 1647 362 1706 etad
385 1647 573 1725 Dionysium
596 1645 695 1706 filium
718 1667 897 1711 sermonem
922 1647 1112 1708 retulerunt.
1143 1694 1145 1702 s

148 1725 225 1818 Quo
247 1724 301 1786 ille
323 1737 520 1798 commonia,
539 1746 579 1785 ne
601 1725 715 1806 agendi
736 1740 821 1787 esset
842 1727 940 1787 Dioni
959 1738 1113 1807 potestas,

146 1805 231 1884 patri
262 1822 414 1882 soporem
451 1802 594 1872 medicos
626 1804 702 1863 dare
735 1807 853 1886 coligit.
904 1807 976 1864 Hoc
1015 1823 1113 1885 aeger

144 1892 272 1955 sumto,
295 1893 333 1938 ut
346 1877 377 1958 ²⁸)
399 1897 510 1938 somno
531 1881 671 1960 sopitus,
693 1881 777 1940 diem
798 1883 878 1942 obiit
897 1895 1092 1960 supremum.

228 1960 280 2018 ΙΙΙ.
305 1959 383 2016 'l'alo
404 1957 529 2016 initium
549 1958 611 2018 fuit
629 1959 741 2018 Dionis
763 1971 797 2018 ot
811 1961 954 2036 Dionysii
973 1959 1113 2018 simulta-

147 2039 207 2114 tis,
229 2057 332 2120 eaque
352 2035 459 2095 multis
480 2035 578 2097 rebus
600 2049 693 2098 aucta
715 2050 771 2098 ast.
799 2037 863 2100 Sed
884 2049 988 2097 tamen
1002 2038 1112 2118 primis
1136 2067 1138 2070 ·

147 2119 350 2198 temporibus
386 2115 579 2198 aliquamdiu
609 2117 753 2177 simulata
780 2119 864 2178 inter
892 2137 948 2177 eos
977 2117 1111 2178 amicitia

145 2197 271 2258 mansit.
313 2197 421 2288 Quum
445 2217 486 2256 uo
522 2197 608 2258 Dion
640 2217 705 2256 non
735 2199 913 2258 desisteret
937 2197 1110 2258 obsecrare

146 2275 352 2356 Dionysium,
375 2288 409 2336 ut
460 2277 600 2336 latonom
620 2275 752 2336 Athenis
774 2289 966 2352 arcesseret,
988 2287 1021 2336 et
1041 2277 1110 2338 eim

147 2355 287 2416 consiliis
303 2367 466 2416 uteretur:
487 2356 558 2431 ille,
580 2357 635 2439 qui
652 2357 684 2415 in
700 2357 852 2440 aliquare
868 2359 966 2419 vellet
985 2367 1109 2436 patrem

146 2435 281 2510 imitari,
300 2455 423 2494 morem
439 2435 513 2512 ei5)
532 2436 638 2515 gessit.
668 2435 858 2520 Eodemque
874 2449 1020 2518 temporo
1036 2435 1110 2494 Phi·
1131 2454 1149 2494 n

145 2511 270 2588 lictum,
288 2511 494 2589 historicum,
509 2512 677 2592 Syracusas
693 2515 840 2591 reduxit,
860 2518 1019 2577 hominem
1034 2515 1110 2574 ami·

146 2612 220 2652 oum
232 2611 296 2652 non
307 2593 405 2674 magia
418 2603 561 2670 tyranno,
579 2615 674 2674 quam
687 2598 842 2673 tyrannidi
851 2595 892 2674 6).
913 2594 978 2654 Sod
993 2593 1033 2654 de
1045 2592 1108 2654 hoo

145 2672 178 2731 in
190 2688 230 2730 co
243 2688 316 2730 meo
329 2665 413 2731 libro
426 2673 519 2750 plura
530 2683 605 2730 sunt
618 2675 772 2755 exposita,
788 2677 843 2758 qyii
856 2677 896 2734 dc
907 2673 1064 2732 historicis
1077 2669 1108 2751 ⁷)

147 2749 349 2830 conscriptus
370 2761 430 2812 est.
451 2751 544 2810 Plato
569 2765 674 2816 autem
688 2763 809 2814 tantum
824 2755 909 2836 apud
923 2752 1108 2831 Dionysium
1128 2750 1148 2814 3

151 2895 339 2915 ι-ιιῦιιῌ

202 2962 226 3016 2⁵
255 2978 379 3036 tyranno
402 2957 477 3016 deest
492 2959 520 3014 in
541 2958 623 3017 codd.
642 2959 717 3018 Laid.
740 2963 768 3018 ll.
789 2959 906 3034 Guelplt‚
929 2964 962 3018 cs.
977 2947 1056 3017 Bard.
1074 2994 1108 3006 -

771 3027 778 3046 d

146 3035 173 3104 3)
201 2967 266 3084 olim
290 3039 386 3100 vulgo:
412 3034 548 3098 graviter.
578 3035 703 3084 Nostram
726 3051 775 3086 scri
798 3042 849 3083 tur.
876 3035 985 3084 luuntur
1013 3033 1108 3100 optimi

147 3101 229 3153 codd.
250 3101 379 3170 (Guelph.
399 3101 449 3150 Ax.
471 3099 533 3167 Ox.)
552 3111 575 3148 v.
594 3101 680 3150 Brenn.
699 3131 733 3142 -
759 3053 796 3167 dl)
804 3098 917 3166 Longol.
935 3099 1003 3151 Tilz.
1021 3103 1108 3153 Wotn.

146 3173 180 3220 al.
200 3167 348 3220 omiserunt
367 3179 406 3218 ut.
425 3194 459 3209 --
478 3169 545 3216 Titz.
564 3168 642 3218 etiam
663 3168 715 3217 boe
735 3184 803 3232 ergo
818 3181 869 3234 pro
888 3168 940 3218 hoc
957 3183 1049 3234 aeger.
1122 3189 1125 3196 ¹

194 3236 222 3303 5)
249 3237 325 3287 abest
352 3235 404 3286 boc
431 3251 584 3303 pronomen
603 3251 619 3284 a
642 3235 723 3286 codd.
750 3237 828 3285 Voss.
850 3235 879 3284 Β.
907 3235 974 3298 Am,
1001 3230 1109 3283 inclusit

145 3304 248 3355 Doehn.
274 3333 306 3342 -
329 3303 357 3370 6)
382 3303 464 3354 codd.
484 3303 635 3372 ty·1·umn's;
661 3302 722 3353 edd.
741 3301 803 3352 Ald.
822 3303 931 3353 Ascens.
950 3299 1107 3370 tyrannidi.

147 3372 190 3420 Cf.
207 3370 286 3422 Bard.
304 3375 346 3412 '····
376 3369 455 3437 7)'al.
474 3369 613 3422 historicis
641 3371 770 3431 Grcoecis;
798 3378 899 3438 poster.
919 3387 969 3420 vox
987 3369 1062 3422 deest
1080 3370 1108 3420 in

147 3437 209 3490 cod.
228 3437 278 3490 Ax.
296 3437 340 3492 ad.
358 3439 451 3490 Lamb.
472 3441 507 3490 al.
522 3467 555 3481 -
573 3439 651 3491 Bard.
670 3439 794 3504 inclusit,
814 3438 866 3490 tid.
886 3437 929 3490 ed.
947 3437 1023 3490 lleid.
