2564 3872
190 382 245 444 aaa
458 368 555 427 XXII.
581 384 763 424 stauracia.
784 358 874 438 μή.

187 541 348 602 extremo,
363 545 466 606 quum
487 543 588 603 prope
609 517 729 583 iam'ad
749 516 1004 603 desperationem
1028 517 1150 606 perseL

147 608 323 682 luissent,
343 603 556 662 Hamilcarem
577 602 804 681 imperatorem
831 601 988 662 fecerunt.
1031 605 1059 662 ls
1081 625 1149 664 non
1199 609 1205 612 “

127 685 129 690 ’
187 687 292 746 solum
320 683 429 742 hostes
460 699 477 738 a
509 681 607 738 muris
636 679 830 760 Carthaginis
861 681 1017 758 removit,
1046 701 1149 763 quarm

188 763 322 842 amplius
347 770 473 820 centum
497 756 700 818 milliarfacta
726 771 830 817 essent
853 771 1064 834 armatorum3
1088 760 1150 838 sed

190 841 285 900 etiam
302 859 346 908 eo,
363 833 533 916 compulit,
550 848 601 911 ut,
616 835 761 896 locorum
777 837 926 916 augustiis
941 837 1054 910 clausi,
1075 839 1149 917 plu'ss

189 940 241 978 res
265 917 365 991 fame,
386 937 480 998 quam
496 915 587 999 ferro
607 914 783 975 interirent.
826 913 940 976 Omnia
956 917 1073 996 oppida
1093 913 1149 974 ab·

190 997 341 1070 alienata,
361 995 392 1054 in
408 995 456 1054 his
471 996 592 1052 Uticam
608 1004 703 1073 atque
716 995 915 1072 Hipponem,
936 994 1149 1053 valentissima

151 1075 288 1138 (itatius
309 1071 457 1146 Africae,
477 1072 616 1131 restituit
635 1071 767 1192 patriae.
798 1075 909 1152 Neque
932 1091 971 1130 eo
993 1073 1054 1131 l'uit
1074 1092 1150 1132 con-

190 1165 313 1228 tentus,
342 1149 514 1210 sed-etiam
536 1147 613 1208 lines
653 1149 812 1228 )imperii
836 1151 1048 1286 propagarit,
1068 1163 1150 1210 tota
1226 1179 1228 1183 ,

192 1231 302 1293 Africa
316 1241 437 1288 tantum
452 1229 549 1287 otium
566 1227 721 1298 reddidit,
743 1240 782 1286 ut-
794 1249 834 1286 nu
860 1250 911 1286 um
927 1229 958 1286 iu
974 1250 1010 1288 ea
1028 1229 1151 1288 bellum

165 1320 172 1336 ³
195 1309 362 1372 videretur
381 1306 486 1365 multis
507 1307 591 1364 antris
615 1305 724 1365 faisse.
1006 1321 1008 1328 ·

272 1387 323 1444 lll.
344 1384 454 1443 Rebus
475 1383 523 1442 his
543 1405 581 1442 cx
600 1385 754 1443 scatentia
774 1384 930 1464 peractis,
958 1383 1067 1444 lidenti
1087 1386 1152 1447 ani.-

192 1484 245 1524 mo
267 1477 363 1545 atque
385 1461 501 1522 inl'esto
517 1463 683 1534 Romanis,
703 1485 770 1554 quo
792 1462 916 1522 facilius
938 1463 1062 1522 causam
1082 1463 1152 1524 bel-

192 1543 277 1602 landi
305 1540 480 1620 reperiret,
510 1539 636 1616 ell'ecit,
657 1552 696 1598 ut
713 1552 888 1619 1mperator
916 1553 988 1601 cum
1004 1543 1152 1620 exercitu

192 1621 224 1678 in
245 1620 302 1678 His
327 1617 427 1677 aniam
449 1619 648 1693 mitteretur,
675 1637 780 1700 eoque
805 1638 912 1678 secum
935 1619 1023 1679 duxit
1047 1622 1152 1680 filiurn

155 1718 172 1758 s
194 1640 419 1772 Hannibalem,
450 1717 602 1774 annorum
622 1717 747 1757 novem.
772 1695 866 1754 ¹Erat
889 1709 1056 1776 praetcrea
1078 1707 1152 1758 cum

195 1797 234 1836 eo
260 1776 442 1841 adolescens
463 1771 611 1850 illustris,
633 1775 809 1847 formosus,
833 1775 1029 1851 Hasdrubal,
1076 1795 1152 1835 uem

195 1855 336 1917 nonnulli
357 1853 445 1935 diligi
465 1854 604 1932 turpius,
625 1875 719 1936 quam
734 1861 791 1931 pai·
813 1865 897 1927 crat,
918 1853 956 1911 ab
970 1799 1152 1914 Hamilcare

159 1949 160 1956 ’
194 1933 417 2015 loquebantur.
457 1935 527 1990 Non
559 1933 642 1990 enim
665 1929 810 1990 maledici
834 1941 921 1990 tauto
942 1932 1017 1994 ¹viro
1040 1933 1152 1992 deesse

218 2023 352 2070 oterant.
391 2010 468 2100 Quo
495 2009 615 2069 factum
643 2023 706 2081 est,
733 2023 769 2067 ut
793 2030 810 2066 a
837 2009 1010 2088 praelecto¹
1028 2031 1152 2070 morum

194 2033 377 2148 Hasdrubal
399 2107 470 2147 curn
492 2096 542 2146 co'
560 2100 725 2147 vetaretur
746 2107 825 2146 esse.
866 2089 951 2146 Huic
975 2088 1030 2147 ille
1056 2086 1152 2147 filiam

196 2185 284 2224 suam
304 2165 336 2222 in
361 2166 594 2224 matrimonium
619 2166 722 2240 dedit,
753 2165 840 2247 quod
869 2165 1009 2224 moribus
1040 2185 1154 2225 eorum

154 2245 257 2306 3non
280 2254 409 2332 poterat
428 2242 573 2300 interdici
594 2262 707 2320 socero
735 2263 843 2322 gener.
870 2245 896 2320 1)
924 2245 974 2302 De
995 2243 1057 2304 hoc
1077 2243 1153 2303 ideo

196 2331 389 2379 mentionem
417 2317 571 2392 fecimus,
601 2321 704 2399 quod,
736 2321 916 2380 Hamilcare
943 2321 1066 2397 occiso,
1085 2321 1153 2380 'ille

195 2395 351 2457 exercitui
367 2393 523 2474 praefuit,
544 2415 660 2477 resque
674 2417 800 2479 magnas
820 2400 918 2479 gessit
925 2421 934 2476 3
957 2401 1152 2490 et'princeps

194 2475 363 2554 largitione
377 2483 522 2532 ‘vetustos
536 2475 696 2552 pervertit
712 2495 816 2536 mores
832 2478 1153 2557 Carthaginiensium,

176 2551 404 2631 &eirrsdemque
429 2560 664 2629 postmortem
688 2555 843 2613 Hannibal
871 2555 909 2614 ab
939 2556 1080 2614 exercitu
1104 2574 1154 2614 ac·

196 2629 282 2708 oepit
301 2629 478 2708 imperium.

274 2707 328 2768 1V.
359 2709 402 2766 At
432 2707 608 2784 Hamilcar,
636 2721 842 2791 posteaquam
864 2731 951 2770 mare
975 2710 1099 2770 transiit
1121 2709 1153 2768 iu

196 2785 567 2867 Hispaniamquevenit,
589 2808 715 2878 magnas
736 2809 788 2846 res
809 2790 946 2848 secunda
967 2789 1064 2870 gessit
1085 2785 1154 2846 for-

197 2874 291 2924 tuna:
334 2864 480 2922 maximas
510 2863 828 2946 bellicosissimasque
864 2879 975 2948 gentes
1011 2865 1151 3000 subepiti

130 2984 132 2989 s
197 2941 304 3022 equis,
326 2942 436 3016 armis,
461 2942 554 3016 viris,
576 2943 710 3020 pecunia
726 2955 826 3003 totam
840 2945 914 3005 locu
937 2944 1048 3005 letavit
1068 2945 1095 3000 Α
1109 2943 1152 3001 'ri-

158 3035 277 3080 ccem.
319 3017 381 3076 Hic
406 3040 504 3100 quum
527 3019 558 3079 in
588 3019 709 3080 ltaliam
735 3021 855 3088 bellum
883 2968 1002 3084 inlerre
1024 3019 1152 3081 medita-

247 3261 276 3395 93
296 3245 511 3378 coddsGuelph.
532 3266 580 3319 Ax.
598 3270 676 3320 Voss.
695 3272 723 3322 ll.
732 3271 816 3343 finis.
849 3294 852 3302 ¹

250 3346 259 3378 ι
294 3330 354 3378 cod.
375 3331 464 3395 Guelp
486 3367 492 3379 .
515 3334 556 3382 ed.
581 3339 647 3386 Ultr.
673 3355 767 3386 socero
786 3356 900 3404 genero,
920 3339 1009 3391 Boecl.
1023 3338 1100 3388 Voss.
1123 3339 1150 3386 B.

198 3397 248 3446 Aa.
266 3411 376 3445 secere
392 3413 503 3462 genero,
522 3401 596 3450 Leid.
616 3404 647 3451 A.
667 3410 746 3453 so'c'er
766 3420 877 3470 genero.
951 3441 955 3448 -
