2524 3872
196 418 238 492 48
475 402 534 480 Vll
564 386 878 480 insinuante.

157 575 177 639 b
197 575 292 638 stium
304 583 459 636 venerant
471 570 673 655 potestatem,
693 566 876 638 Alcibiades
888 572 982 636 simul
1004 575 1163 643 cum‘col·

195 643 276 738 legis
297 658 467 733 receperat
487 653 624 727 Ioniam,
646 647 906 730 Hellespontum,
931 654 1045 714 multas
1067 674 1162 735 prae·

193 746 285 796 terea
304 731 402 792 urbes
423 731 580 808 Graecae,
607 738 690 814 quae
717 730 749 788 in
771 737 828 790 ota
849 730 929 791 s'itae
950 743 1022 794 sunt
1044 732 1163 810 Asiae,

196 831 331 896 quarum
355 809 572 893 adpugna'rant
600 809 801 889 complures,
822 808 858 892 in,
882 807 931 870 his
951 811 1162 891 Byzantium

195 909 301 972 neque
315 889 417 950 minus
431 891 544 950 multas
557 888 689 968 censilio
703 886 743 947 ad
760 886 928 948 amicitiam
942 889 1162 968 adiunxerant,

155 968 285 1052 7quod
312 955 344 1028 in
368 973 476 1050 captos
505 961 671 1029 clementia
694 965 825 1026 fuciunt
852 967 910 1026 usi.
964 956 1010 1028 Ita
1037 969 1160 1049 praeda

197 1047 318 1124 onusti,
348 1043 544 1128 locupletato
575 1043 737 1122 exercitu,
762 1043 905 1105 maximis¹
923 1046 1021 1108 rebus
1044 1049 1161 1130 gestis,

196 1125 337 1198 Athenas
358 1137 523 1187 venerunt.
623 1184 626 1190 ,
747 1183 752 1194 ,
893 1183 897 1194 ,
1006 1189 1009 1194 ,

276 1199 330 1269 VL
353 1205 412 1264 His
434 1209 532 1286 'quum
553 1201 681 1264 obviam
702 1201 851 1262 universa
871 1200 982 1263 civitas
1002 1201 1034 1264 in
1049 1203 1161 1266 Pirae·

196 1293 270 1346 euni
292 1273 525 1358 descendisset,
545 1294 630 1344 tanta
651 1279 714 1340 fuit
733 1281 874 1343 omnium
896 1283 1093 1362 exspectatio
1113 1283 1161 1345 vi·

196 1364 286 1424 cendi
300 1361 486 1437 Alcibiadis,
501 1361 541 1436 ,ut
561 1360 601 1422 ad
621 1359 688 1420 eius
702 1361 867 1420 triremem
882 1361 996 1442 vulgus
1017 1359 1160 1422 conflue·

156 1461 175 1506 a
197 1453 247 1504 ret
267 1441 402 1522 proinde
423 1449 460 1501 ac
482 1441 509 1500 'si
529 1443 615 1501 solus
635 1438 822 1500 advenisset.
863 1438 915 1500 Sic
937 1440 1019 1500 enim
1035 1441 1159 1521 populo

151 1564 154 1568 -
196 1533 265 1583 erat
279 1527 483 1600 pensitam,
503 1529 536 1592 et
549 1520 697 1580 adversas
712 1517 913 1598 superiones,
929 1515 962 1578 et
971 1521 1159 1600 lacessentes

196 1597 351 1664 secundas
365 1618 419 1658 res
438 1597 591 1658 accidisse
611 1596 679 1656 eius
703 1601 812 1676 epeia.
851 1597 962 1681 Itaque
984 1608 1017 1658 et
1031 1597 1159 1658 Siciliae

195 1677 343 1738 amissum
351 1661 400 1756 ⁰),
415 1688 447 1737 et
456 1674 781 1738 Lacedaemonioeum
792 1673 940 1748 victorias
952 1676 1065 1756 eulpae
1082 1696 1158 1737 suae

194 1754 394 1832 tribuebant,
419 1756 507 1840 quod
527 1756 623 1816 talem
638 1754 744 1836 'uirum
765 1762 783 1814 e
804 1755 931 1817 civitate
953 1755 1158 1834 expulissent.

193 1837 308 1917 Neque
322 1832 355 1894 id
373 1832 440 1896 eine
461 1844 554 1896 causa
577 1833 723 1895 arbitrali
744 1831 943 1920 videbantur.
972 1837 1053 1894 Nam
1069 1845 1159 1916 post·

197 1937 291 2000 quam
307 1914 461 1997 exercitui
473 1925 624 1996 pracesse
639 1921 802 1992 coeperat,
818 1923 923 1996 neque
936 1924 1035 1991 terra,
1049 1932 1156 1996 neque

155 1995 274 2064 3mari
300 1993 409 2056 hostes
438 2002 533 2074 pares
559 2013 630 2054 csse
661 2003 841 2070 potuerant.
892 1992 955 2052 Hic
983 2003 1019 2052 ut
1045 2012 1063 2052 e
1085 1991 1157 2054 navi

195 2083 343 2166 egressus
366 2085 431 2148 est,
454 2069 870 2154 quamquam'l'her'amenes
893 2071 926 2130 e't
936 2069 1154 2150 Thrasybulus

195 2152 315 2214 elsdem
331 2151 428 2210 rebus
449 2148 673 2230 praefuerant,
698 2144 855 2232 simulque
878 2161 1029 2211 venerant
1052 2149 1083 2208 in
1103 2145 1157 2208 Pi'·
1182 2171 1193 2182 ·

193 2249 341 2305 raeeum3
368 2241 475 2288 tamen
501 2228 592 2286 illum
618 2243 715 2286 unum
737 2229 1157 2310 omnespnosequebantu1·,

195 2321 246 2385 et,
265 2309 298 2368 id
322 2307 410 2390 quod
431 2319 603 2388 numquam
622 2308 713 2378 antee
735 2315 795 2366 tlsu
815 2319 948 2370 venerat
966 2307 1025 2368 nisi
1046 2307 1157 2386 Olym-

218 2389 266 2448 iae
276 2384 462 2460 victoribus,
478 2387 603 2447 coronis
619 2385 721 2446 aureis
732 2387 901 2470 aeneisque
915 2387 942 2466 ¹)
956 2387 1051 2468 vulgo
1060 2385 1157 2446 dona·

194 2409 299 2528 batur.
323 2466 380 2524 llle
392 2465 555 2524 lacrimans
568 2464 665 2526 'talem
679 2465 934 2527 benevolentiam
953 2465 1069 2526 civium
1083 2485 1157 2526 suo·

98 2567 101 2574 ‘
193 2566 267 2606 rum
287 2543 353 2604 acci
378 2543 478 2619 iebat,
498 2545 702 2618 reminiscens
715 2544 840 2622 pristini
858 2544 1013 2627 temporis
1032 2544 1157 2604 acerbi-

54 2633 78 2710 ]
154 2635 303 2702 atatem.
373 2624 519 2705 ostquam
543 2635 613 2682 astu
632 2622 735 2696 venit,
757 2623 910 2684 concione
932 2623 1086 2684 advocata
1109 2623 1156 2684 sic

194 2701 293 2766 verba
312 2700 408 2778 fecit,
429 2714 466 2762 ut
481 2715 575 2762 nemo
593 2709 655 2762 tam
671 2701 762 2762 ferus
777 2701 896 2778 fuerit,
916 2701 993 2784 quin
1014 2701 1083 2760 eius
1105 2721 1156 2762 ca·

195 2803 265 2843 sum
286 2781 721 2921 lacrimarit„inimicumque
741 2779 789 2841 his
806 2800 842 2841 se
859 2779 1052 2874 ostenderit,
1074 2799 1156 2872 quo·

194 2884 276 2922 rum.
286 2881 385 2942 opera
403 2861 638 2954 patraepulsus
665 2871 784 2954 ,ueram
807 2859 945 2998 proinde
967 2877 1003 2918 ac
1028 2878 1055 2917 si
1070 2861 1154 2952 .³¹¹¹².⁸.

153 2940 596 3084 attentantem
612 2937 883 3080 §usletan
904 2936 1155 3077 neate

194 3098 354 3181 iidemque
367 3065 414 3158 illi
431 3096 642 3175 Eumolpidae
649 3061 843 3158 bacerdotes
861 3037 971 3156 rudens
987 3059 1155 3156 resacrard

193 3189 266 3238 sunt
287 3177 407 3253 coacti,
428 3175 482 3258 qui
504 3195 577 3235 eum
601 3175 814 3252 devoverant3
835 3175 984 3258 pilaeque
1009 3173 1100 3249 illae,
1121 3173 1154 3233 in

194 3257 308 3340 quibus
323 3255 452 3319 devotio
473 3253 581 3316 fuerat
601 3254 735 3336 scripta,
756 3253 896 3315 inmane
913 3251 1153 3335 praecipitatae.

246 3401 275 3465 9)
293 3401 370 3450 Voss.
385 3397 530 3450 Aniciana
547 3398 672 3448 amissum
691 3400 726 3450 im
746 3401 848 3461 ινίαηιῑ
869 3399 905 3450 al.
920 3398 1044 3452 Siciliam
1067 3401 1151 3451 amis·

195 3484 261 3545 snm,
288 3466 448 3542 Vidllrcm.
468 3493 502 3542 3--
527 3467 558 3530 1)
577 3466 683 3516 Mureto
714 3417 808 3532 (57.1..
825 3466 885 3532 XV,
910 3481 923 3533 7
964 3469 1086 3537 placuit:
1105 3483 1151 3520 co·

195 3550 273 3586 rocus
291 3547 383 3581 aureas
401 3541 561 3599 taeniasque.
582 3554 616 3572 -ι
