2564 3872
183 408 241 486 abii
458 407 557 468 XXV.
579 425 722 468 urricus.
745 425 789 467 ιο.
814 395 858 466 rii

179 581 265 632 esset
278 570 433 645 inimicus,
446 585 578 650 eosque
598 565 697 627 vellet
732 563 925 640 rescribere,
940 566 1046 626 multis
1061 566 1145 628 hor-'

178 650 316 710 tentibus
330 661 434 709 tamen
450 647 547 707 Attici
564 665 687 706 memor
707 585 768 706 ibit
783 643 891 718 officii,
914 658 946 706 et
967 647 1015 717 ei,
1037 666 1145 727 quum'

178 729 379 812 requisisset,
391 726 517 786 ubinam
533 737 634 800 esset,
656 745 712 784 sua
727 745 820 784 manu
834 725 977 804 scripsit,
991 745 1031 785 ne
1044 727 1140 786 time-²

179 819 247 881 ret,
270 807 371 866 statim
397 825 437 866 ue
455 805 494 866 ad
515 825 549 864 se
571 805 711 866 veniret:
733 824 873 878 seeum,
895 815 929 864 et
942 804 1026 863 illius
1042 825 1136 865 causa

179 885 344 968 [Gellium]
368 827 398 965 ii
429 888 546 946 Canum
575 885 615 944 (le
644 883 896 964 proscriptorum
923 904 1056 944 munero
1082 905 1137 944 ex-

179 965 300 1027 emisse,
341 967 406 1039 Ao,
431 985 471 1024 ne
500 964 588 1046 quod
611 963 668 1102 [ispi]
694 963 723 1040 5)
756 963 935 1043 perieulum
964 963 1136 1039 incideret,

138 1041 159 1103 6
179 1043 267 1137 quod
287 1055 380 1103 noctu
398 1041 510 1117 fiebat,
534 1043 639 1124 praesi
663 1045 727 1101 ium
749 1042 779 1101 ei
799 1042 892 1100 misit.
935 1041 989 1101 Sic
1010 1042 1136 1102 Atticus

178 1144 210 1181 in
231 1141 352 1180 summo
374 1123 489 1182 timore
504 1142 566 1182 non
580 1121 683 1180 solum
697 1119 771 1198 sibi,
791 1121 848 1180 sed
869 1119 961 1179 etiam
977 1121 1017 1195 ei,
1038 1143 1143 1203 quem

180 1200 374 1261 carissimum
411 1200 565 1274 habebat,
599 1199 757 1280 praesidio
790 1198 860 1259 fuit.
900 1201 948 1259 Ne
996 1220 1014 1259 e
1051 1201 1140 1261 eninr

179 1297 255 1340 suae
279 1279 382 1338 solum
409 1301 426 1339 a
451 1299 612 1362 quoquam
636 1279 783 1338 auxilium
806 1278 899 1359 petiit
923 1279 1057 1358 santis,
1076 1280 1139 1339 sed·

180 1357 385 1418 coniunctim:
407 1369 444 1417 ut
467 1369 653 1438 appareret,
674 1357 792 1416 nullam
816 1358 988 1417 seiunctam
1012 1357 1071 1416 sibi
1094 1359 1138 1418 ab·

138 1432 158 1497 6
179 1455 224 1499 eo·
245 1437 330 1497 velle
359 1435 530 1498 fortunam·
571 1436 667 1515 Quod
691 1437 717 1496 si
736 1437 939 1530 „gubernator
962 1437 1136 1516 praecipua

177 1514 272 1574 laude
295 1514 416 1590 fertur,
446 1516 502 1597 qui
529 1535 642 1575 navem
670 1536 710 1576 ex
730 1515 835 1576 lnome
855 1516 998 1598 marique
1019 1535 1136 1596 scopus

178 1593 248 1655 loso
269 1605 391 1654 servat:
413 1614 472 1654 our
486 1615 548 1654 non
563 1595 728 1676 singularis
751 1595 817 1654 eius
840 1595 1037 1654 existimetur
1055 1616 1136 1688 pru-¹

177 1671 284 1732 (lentie
314 1672 369 1766 qui
400 1693 440 1732 ex
465 1683 515 1733 tot
536 1686 665 1756 tamque
686 1674 835 1756 gravibus
858 1674 1008 1754 procellis
1034 1675 1138 1735 civili·

176 1751 234 1812 bus
256 1749 296 1810 ad
318 1752 566 1828 incolumitatem
612 1751 757 1814 ervenit?

255 1830 309 1890 xl.
333 1831 458 1919 Quibus
480 1851 519 1891 ex
533 1773 620 1892 mais
634 1843 671 1891 ut
684 1851 719 1891 se
733 1829 881 1907 emersit,
903 1828 933 1911 6)
954 1830 1032 1892 nibil
1047 1833 1135 1893 aliud

177 1910 259 1996 egit,
287 1931 379 1994 quam
401 1923 437 1971 ut
456 1910 621 1994 plurimis,
650 1910 762 1992 quibus
782 1910 878 1970 rebus
899 1922 1029 2004 posset,
1046 1924 1134 1974 esset

178 1991 303 2052 auxilio.
345 1989 452 2056 Ouum
484 1990 682 2072 proscriptos
716 1988 864 2070 praemiis
902 2003 1132 2082 tmperatorum

176 2069 290 2150 tulgus
314 2070 538 2151 conquireret,
566 2089 659 2131 uerno
680 2069 713 2128 in
732 2068 866 2148 Epirum
886 2081 990 2145 venit,
1017 2070 1068 2130 oui
1092 2083 1134 2131 re'

93 2179 100 2184 -
175 2148 241 2206 ulla
261 2146 401 2207 desuerit
422 2148 469 2227 7);
501 2144 632 2224 (nemini
652 2169 715 2208 non
736 2147 782 2206 ibi
805 2160 963 2228 perpetuo
983 2150 1131 2209 manendi

135 2243 154 2288 α
175 2235 324 2307 potestas
338 2225 423 2285 facta
444 2237 491 2286 est
499 2225 523 2306 ,)
548 2229 602 2308 qui
623 2227 716 2287 etiam
737 2238 810 2306 post
830 2228 988 2307 proelium
1009 2228 1131 2309 Philip-

198 2322 272 2364 ense
299 2303 524 2386 interitumque
553 2309 587 2364 C.
608 2306 707 2366 Cassii
731 2317 763 2366 et
784 2309 826 2365 M.
845 2307 937 2366 Bruti
958 2309 993 2366 L.
1015 2308 1128 2368 lulium

173 2325 349 2457 bociltam,
369 2383 582 2461 praetorium,
595 2396 627 2443 et
642 2385 708 2444 eius
722 2375 832 2460 filium,
851 2383 1032 2479 Aulumque
1047 2389 1128 2446 'I'or-

173 2471 320 2556 quatum,
341 2470 532 2544 ceterosque
547 2463 617 2542 pari
637 2462 766 2522 fortuna
784 2465 967 2544 perculsos,
985 2466 1128 2526 institue·

172 2545 221 2600 rrt'
240 2538 343 2612 tueri,
373 2543 473 2622 atque
497 2559 536 2600 ex
557 2542 585 2598 E
609 2542 658 2602 iro
682 2541 731 2602 his
753 2544 856 2603 omnia
880 2541 1126 2604 Samothraciam

132 2613 151 2680 3
173 2616 355 2699 supportari
373 2617 511 2680 iusserit.
535 2561 676 2682 Diliicite
699 2633 764 2697 est,
785 2622 888 2682 omnia
907 2623 1073 2706 persequi,
1094 2635 1127 2684 et

171 2719 235 2760 non
255 2699 476 2758 necessarium.
500 2700 581 2761 Illud
602 2723 698 2761 unum
714 2701 846 2782 intelligi
860 2704 1023 2776 volumus,
1042 2702 1125 2761 illius

172 2775 393 2838 liberalitatem
423 2797 528 2873 neque
565 2779 811 2861 temporariam,
845 2800 953 2862 neque
982 2781 1126 2841 callidam

130 2857 152 2925 4
172 2853 279 2916 fuisse.
310 2855 347 2916 ld
367 2877 406 2918 ex
425 2857 501 2938 ipsis
523 2856 620 2916 rebus
642 2879 678 2918 ac
697 2859 895 2937 temporibus
917 2858 1049 2919 iudicari
1069 2879 1125 2940 po-

169 2944 252 3014 test,
273 2936 360 3016 quod
376 2957 440 2997 non
453 2934 640 2997 florentibus
661 2957 695 2997 se
716 2937 906 3013 venditavit,
923 2938 982 3014 sed
998 2937 1124 2998 sillictis

144 3072 330 3091 μ

217 3135 245 3204 4)
270 3133 351 3186 codd.
375 3123 492 3202 Guelpb.
512 3131 567 3182 Gis.
593 3136 718 3185 omittunt
743 3151 841 3188 nomen
860 3137 985 3202 Gelliam,
1008 3141 1043 3191 ci.
1062 3141 1122 3191 llos.

170 3214 195 3258 ct
207 3203 284 3253 Bard.
302 3231 334 3244 ·-
353 3199 380 3268 5)
401 3203 462 3252 cod.
482 3199 599 3269 Guelpb.
619 3211 644 3252 et
664 3221 756 3256 omnes
774 3213 834 3256 ante
852 3208 946 3258 Lamb.
965 3208 1026 3262 edd.
1043 3209 1122 3259 emite

168 3275 230 3321 tunt
251 3269 478 3338 praepositionem
502 3269 540 3320 in.
558 3269 592 3318 ci
610 3269 686 3320 Bard.
990 3319 994 3327 ,
1122 3315 1132 3339 ,

220 3337 247 3404 6)
272 3339 310 3386 ila
332 3335 425 3384 Lamb.
444 3335 606 3402 emendavit,
633 3355 713 3404 quem
731 3338 805 3386 multi
829 3340 926 3391 editor.
942 3345 1025 3393 seculi
1044 3352 1119 3408 sunu

168 3403 249 3455 codd.
274 3403 312 3452 iel
339 3412 497 3460 emerserat,
523 3403 563 3450 vel
593 3407 733 3453 emerserit
763 3405 869 3456 babent.
899 3409 933 3458 ci'.
959 3411 1059 3463 Daebn.
1086 3436 1122 3450 -

169 3469 196 3539 7)
215 3471 293 3536 vulgo
311 3485 353 3518 ru
368 3468 425 3521 ullu
444 3465 572 3532 desuerit.
591 3470 643 3518 vid.
662 3471 705 3520 ed.
726 3471 801 3532 lleid.
