2564 3872
182 338 224 416 88
446 334 516 400 XV·
538 351 788 396 arumnorum.
810 333 837 396 6.
857 351 887 410 7.

184 495 461 572 animadverterit,
480 494 665 556 innoeentes
689 491 761 558 illos
785 505 875 556 natos
898 493 1056 576 domi-⁹),
1079 517 1153 562 sce-

182 579 252 642 lere
281 576 416 639 admisso
449 596 547 656 quum
569 573 672 655 patria
700 585 806 635 essent
832 573 974 655 expulsi,
994 589 1151 657 receptos

143 669 256 737 desse
280 657 319 720 ab
340 653 597 716 Atheniensibus.
630 651 695 713 Sed
716 654 850 714 maxime
871 654 940 714 eius
962 656 1152 738 eloquentia

184 740 284 801 eluxit
308 735 461 816 Spartae,
490 733 588 816 legati
618 745 689 794 ante
712 754 852 816 pugnam
878 734 1082 798 Leuctricam
1108 740 1151 818 ¹).

184 817 260 910 Quo
291 837 390 898 quum
417 813 559 876 omnium
592 813 753 874 sociorum
780 812 1002 893 convenissent
1033 817 1150 898 legati,

183 917 292 959 coram
312 893 571 977 frequentissimo
593 892 789 973 legationum
808 904 968 952 conventu
986 895 1032 958 sic
1048 899 1150 958 Lace-

183 974 425 1036 daemoniorum
445 971 642 1054 tyrannidem
658 971 812 1053 coarguit,
833 981 953 1032 utnon
974 975 1077 1036 minus
1093 978 1150 1038 illa

183 1055 330 1117 oratione
359 1074 437 1134 opes
468 1073 582 1114 eorum
612 1049 827 1128 concusserit,
859 1070 953 1132 quam
973 1055 1149 1118 Leuctrica

177 1154 300 1216 pugna.
341 1135 423 1192 Tum
444 1130 527 1192 enim
547 1129 704 1211 perfecit,
726 1131 814 1224 quod
837 1137 912 1211 post
927 1135 1090 1213 apparuit,
1110 1148 1150 1196 ut

183 1213 299 1276 auxilio
324 1211 485 1272 sociorum
506 1210 749 1272 Lacedaemonii
771 1211 985 1291 privarentur.

261 1293 331 1356 Vll.
352 1289 463 1350 Fuisse
478 1290 652 1370 patientem
672 1309 870 1373 suorumque
889 1289 1018 1352 iniurias
1038 1291 1149 1354 feren·

142 1384 251 1436 ntem
271 1372 407 1448 civium,
437 1367 525 1450 quod
552 1388 586 1428 se
610 1367 732 1448 patriae
763 1369 858 1430 irasci
881 1369 971 1446 nefas
993 1392 1064 1432 esse
1088 1372 1149 1432 du-

184 1464 291 1524 ceret,
317 1450 397 1510 haec
429 1460 503 1508 sunt
535 1447 725 1510 testimonia.
766 1448 875 1532 Quum
909 1470 983 1510 eum
1008 1472 1069 1532 pro
1095 1464 1148 1514 ter

137 1553 145 1601 J
182 1531 334 1594 invidiam
358 1528 444 1590 cives
465 1523 643 1607 praeficere
668 1527 825 1588 exercitui
849 1529 1039 1606 noluissent,
1067 1474 1148 1592 dux-

182 1630 248 1694 que
273 1619 357 1670 esset
378 1605 522 1667 delectus
544 1605 622 1665 belli
641 1605 827 1767 imperitus,
856 1607 948 1669 cuius
969 1629 1083 1672 errore
1104 1631 1146 1672 eo

182 1699 270 1751 esset
295 1686 431 1748 deducta
454 1706 507 1746 res
533 1683 680 1767 [militum
716 1685 765 1765 2),
789 1700 826 1748 ut
848 1709 956 1750 omnes
979 1689 1020 1749 de
1041 1691 1146 1752 salute

208 1767 466 1842 crtimesccrent,
495 1763 583 1849 quod
609 1763 756 1826 locorum
790 1767 940 1848 angustiis
974 1768 1074 1829 clausi
1107 1769 1146 1830 ab

181 1789 326 1919 bostibus
348 1843 592 1908 obsidebantur:
614 1842 789 1906 desiderari
810 1857 925 1938 coepta
946 1859 996 1924 est
1018 1848 1146 1928 Epami-

181 1928 307 1990 nondae
331 1925 501 2009 diligentia.
543 1927 621 1984 Erat
652 1925 736 1984 enim
766 1923 810 1984 ibi
839 1926 981 2006 prrv'atus
1010 1949 1144 1989 numero

181 1995 299 2069 militis.
338 2006 368 2067 A
395 2025 459 2100 quo
489 2023 589 2086 quum
608 2015 758 2083 peterent
781 2025 896 2084 opem,
919 2006 1038 2066 nullam
1059 2007 1145 2068 adhi-

181 2084 253 2146 buit
275 2105 460 2146 memomam
481 2083 710 2156 contumeliae,
734 2095 767 2143 et
789 2084 984 2162 exercitum,
1005 2085 1146 2146 obsidio-

140 2161 222 2227 3ne
250 2163 437 2238 liberatum,
469 2159 598 2222 domum
630 2161 758 2222 reduxit
790 2163 991 2238 incolumem.
1031 2167 1144 2247 Neque

179 2263 261 2320 ,vero
280 2241 344 2302 boc
368 2241 468 2300 semel
495 2239 590 2311 fecit,
617 2239 675 2298 sed
690 2241 835 2322 saepius.
877 2243 1013 2304 Maxime
1038 2255 1145 2305 autem

181 2320 246 2382 fuit
271 2320 411 2394 illustre,
439 2339 536 2400 quum
562 2316 594 2376 in
622 2315 652 2395 3)
681 2319 941 2401 Peloponnesum
969 2323 1144 2384 exercitum

182 2399 326 2462 duxisset
347 2397 499 2458 adversus
519 2396 806 2476 Lacedaemonios,
830 2401 1029 2485 haberetque
1047 2403 1145 2464 colle·
1179 2411 1182 2416 “

181 2499 237 2563 gas
259 2478 357 2554 duos,
373 2495 516 2614 qluorum
536 2476 617 2534 alter
633 2488 702 2536 erat
719 2479 908 2560 Pelopidas,
929 2481 980 2542 vir
997 2480 1089 2544 fortis
1106 2503 1143 2544 ae

181 2571 339 2619 strenuus.
407 2577 417 2613 1
440 2575 538 2637 quum
552 2555 734 2617 criminibus
756 2557 1013 2620 adversariorum
1033 2581 1142 2628 omncs

136 2709 138 2715 ,
180 2637 215 2702 in
234 2635 383 2698 invidiam
398 2634 575 2713 venissent,
596 2633 637 2697 ob
660 2635 794 2720 eamque
815 2660 885 2700 rem
906 2639 1075 2721 imperium
1094 2640 1142 2702 his

181 2790 373 2808 *¹⁸¹*-

142 2907 145 2914 .
228 2871 257 2939 9)
282 2871 361 2925 Rard.
380 2875 479 2942 aliique
498 2873 535 2924 ita
553 2875 764 2942 interpungunt:
787 2877 944 2928 innocentes
961 2877 1024 2928 illos
1040 2891 1142 2926 iratos:

181 2938 257 2992 domi
274 2939 371 2990 scelere
389 2941 524 3001 adnu'sso,
545 2959 627 3011 quum
644 2952 695 2993 cet.
716 2943 751 2995 cs.
772 2943 814 2995 ed.
830 2943 906 2994 Heid.
929 2972 965 2984 -
993 2945 1024 3010 ι)
1045 2947 1141 2996 multae

180 3017 244 3124 vetq.
269 3005 331 3058 edd.
354 3024 408 3058 non
433 3009 533 3060 habent
558 3020 623 3059 ante
643 3027 766 3078 pugnam
791 3011 983 3075 Leuctricam
1006 3013 1086 3062 Heus.
1107 3015 1140 3066 al.

181 3077 356 3126 incusarunt.

191 3146 195 3154 '
216 3142 245 3210 α)
268 3143 305 3190 ita
330 3140 432 3220 Guntb.
452 3139 681 3222 B³Pf¹2⁶dfi¹l¹i¹¹¹
707 3144 806 3195 babent
824 3161 839 3195 e
860 3146 915 3196 fide
933 3145 996 3215 cod.
1014 3147 1093 3196 Voss.
1113 3147 1140 3195 B.

181 3209 365 3328 {bilta
380 3212 447 3328 ll:
463 3209 810 3328 tttltssl‘t'tattl
833 3213 1139 3332 ”tltllttl‘talttt
1166 3285 1173 3300 -

180 3344 273 3396 Lamb.
293 3345 326 3393 al.
339 3341 456 3395 deducta
474 3361 518 3392 res
537 3345 586 3394 illa
600 3346 725 3395 militum.
738 3369 773 3385 -
790 3343 818 3413 3)
830 3347 860 3398 t'n
871 3347 949 3400 (lectt
958 3349 987 3398 in
998 3347 1080 3400 codd.
1091 3347 1137 3400 Ax.

181 3413 276 3469 Boecl..
292 3410 370 3462 Voss.
387 3413 415 3464 B.
435 3412 470 3464 cs.
489 3410 592 3464 Daebn.
639 3431 641 3436 ·
