2524 3872
406 397 494 466 XIV.
513 415 677 466 narinus.
698 395 726 462 t.
746 417 776 477 7.
1034 409 1074 472 79

117 555 296 618 micandum
315 577 440 620 manum
460 557 594 618 haberet
613 555 801 638 expeditam.
840 553 920 614 Erat
940 570 1014 612 cum
1034 569 1074 610 eo
1095 553 1114 615 3

116 635 407 714 Mithrobarzanes,
429 657 523 700 socer
544 637 629 712 eius,
673 635 834 696 raefectus
856 630 1008 714 equitum.
1036 631 1077 706 Is,

117 714 293 795 desperatis
330 718 441 798 generi
466 716 582 788 rebus,
615 735 632 773 a
684 714 791 775 hostes
823 709 1002 791 transfugit.
1042 707 1078 768 Id

114 793 265 854 Datames
286 807 322 856 ut
342 795 480 870 audivit,
504 793 618 869 seusitff,
638 792 664 852 si
684 793 716 852 in
735 793 861 852 turbam
881 790 1016 866 exisset,
1036 787 1076 849 ab

114 871 243 934 homine
276 882 342 933 tam
369 872 551 934 necessario
584 891 620 932 se
652 871 818 945 relictum,
847 870 1010 945 futurum,
1038 877 1076 927 ut
1155 869 1163 883 ‘

116 951 219 1010 ceteri
248 951 420 1011 consilium
442 961 663 1034 sequerentur.
706 951 741 1008 lu
763 950 879 1030 vulgus
905 947 987 1009 edit:
1008 953 1117 1019 tsucln

113 1029 204 1088 iussu
225 1028 514 1090 Mithrobarzanem
540 1029 724 1110 profectum
745 1049 805 1110 pro
826 1026 979 1108 perfuga,
1009 1045 1074 1108 quc

114 1107 242 1168 facilius
264 1119 412 1188 receptus
434 1107 628 1168 interficeret
646 1106 764 1168 hostes.
806 1108 916 1190 Quare
937 1104 1075 1187 relinqui

115 1207 191 1248 eum
204 1207 267 1246 non
279 1207 338 1266 par
353 1207 434 1263 esse,
443 1187 499 1247 sed
510 1187 537 1265 ⁵)
548 1207 656 1249 omnes
672 1185 840 1248 confestim
854 1183 955 1265 sequi.
969 1183 1075 1270 'Quod

116 1265 143 1344 si
172 1263 275 1326 animo
300 1277 429 1326 strenuo
459 1265 626 1342 fecissent,
650 1265 811 1341 futurum,
840 1274 876 1324 ut
902 1261 1077 1324 adversarii

115 1365 179 1404 non
199 1356 331 1423 possent
350 1345 512 1422 resistere,
537 1367 635 1429 quum
656 1357 689 1405 et
708 1346 787 1405 intra
804 1343 923 1407 vallum
944 1354 975 1402 et
995 1342 1076 1401 foris

117 1422 338 1500 caederentur.
378 1425 449 1486 Hac
471 1441 517 1486 're
553 1424 708 1517 probata,
745 1424 920 1486 exercitum
953 1420 1118 1494 educit,5

113 1501 402 1564 Mithrobarzanem
417 1516 624 1588 persequitur
632 1523 643 1584 3
667 1504 723 1586 qui
738 1513 860 1564 tantum
878 1499 966 1593 quod
982 1499 1012 1577 ὃ)
1036 1497 1076 1557 ad

115 1579 224 1640 hostes
243 1594 454 1660 pervenerat,
473 1585 621 1644 Datames
642 1583 731 1664 signa
751 1582 866 1643 inferri
880 1578 977 1638 rubet.
997 1576 1078 1637 Pisi·
1098 1575 1118 1638 6

116 1659 193 1733 dae,
222 1679 305 1721 nova
331 1682 367 1720 re
396 1663 563 1736 commoti,
593 1663 623 1722 in
653 1661 833 1741 opinionem
860 1658 1076 1732 adducuntur,

115 1737 268 1818 perfugas
287 1739 370 1798 mala
388 1738 453 1799 fide
474 1740 716 1820 compositoque
740 1739 874 1811 fecisse,
898 1749 934 1795 ut
952 1733 1077 1816 recepti

116 1825 223 1876 essent
237 1817 350 1875 malari
366 1819 543 1878 calamitati.
569 1818 711 1876 Primum
733 1838 788 1877 eos
805 1814 1001 1874 adoriuntur.
1028 1812 1078 1870 llli

117 1915 234 1976 quum,
264 1893 341 1974 quid
363 1907 530 1975 ageretur,
551 1906 605 1954 aut
624 1893 735 1969 lieret,
756 1895 956 1975 ignorarent,
976 1891 1078 1951 coacti

116 1982 206 2046 sunt,
226 1991 298 2030 cum
313 1972 358 2031 eis
367 1991 522 2053 pugnare,
541 1973 580 2032 ad
596 1993 678 2054 quos
692 1973 895 2043 transierant,
911 1969 949 2028 ab
964 1969 1078 2050 hisque

116 2061 220 2126 stare,
242 2069 322 2130 quos
343 2051 547 2133 reliquerant.
578 2049 703 2140 Quibus
724 2071 820 2136 quum
841 2048 947 2108 neutri
967 2066 1077 2129 parce-

115 2139 205 2201 rent,
222 2129 372 2188 celeriter
387 2143 458 2190 sunt
472 2131 601 2194 concisi.
623 2131 778 2212 Reliquos
794 2128 916 2188 Pisidas
931 2129 1078 2187 resisten·
1097 2149 1117 2207 7

116 2219 166 2268 tes
187 2209 338 2268 Datames
360 2209 494 2272 invadit:
520 2212 625 2294 primo
646 2211 768 2290 impetu
790 2210 899 2290 pellit,
919 2208 1077 2290 fugientes

118 2287 341 2370 persequitur,
365 2291 480 2352 multos
503 2290 667 2365 interficit,
695 2302 797 2349 castra
820 2288 956 2352 hostium
983 2287 1077 2367 capit.

117 2366 189 2424 'l'ali
209 2367 340 2428 consilio
360 2389 423 2430 uno
445 2381 600 2451 ternpore-
613 2381 645 2430 et
662 2369 847 2450 proditores
869 2367 1024 2448 perculit,
1045 2367 1118 2427 ete

116 2441 225 2504 hostes
239 2443 438 2528 profligavit3
461 2461 510 2526 et,
530 2451 618 2532 quod
637 2451 678 2508 ad
698 2449 874 2528 perniciem
897 2448 1004 2506 fuerat
1025 2464 1079 2504 co·

118 2521 268 2602 gitatum,
297 2521 330 2580 id
351 2525 390 2583 ad
413 2525 546 2587 salutem
567 2531 735 2589 convertit.
777 2527 852 2613 Quo
879 2543 985 2606 neque
1007 2543 1079 2582 acu·

119 2601 183 2659 tius
215 2601 310 2659 ullius
347 2601 549 2683 imperatoris
580 2608 769 2690 cogitatum,
804 2624 908 2686 neque
940 2602 1078 2664 celerius

118 2677 239 2740 facturn
263 2699 397 2760 usquam
418 2683 561 2763 legimus.
710 2693 714 2708 ’

201 2757 268 2820 Vll.
300 2758 352 2817 Ab
371 2757 434 2820 hoc
455 2772 560 2822 tamen
579 2763 650 2826 viro
675 2763 828 2840 Scismas,
849 2761 985 2823 maximo
1004 2771 1078 2820 natu
1103 2788 1115 2824 ι

120 2835 222 2912 lilius,
243 2835 372 2913 desciit,
394 2839 433 2898 ad
448 2859 624 2923 regemque
639 2844 771 2919 transiit,
793 2843 881 2903 etde
897 2839 1078 2900 delectione

119 2914 219 2995 patris
249 2913 373 2976 detulit.
415 2918 489 3002 Quo
520 2921 630 2980 nuntio
657 2927 851 2983 Artaxerxes
883 2931 1078 2994 commotus,

121 2991 210 3083 quod
231 2991 427 3074 intelligebat
447 2997 508 3057 sibi
529 3017 601 3058 cum
626 3000 694 3062 viro
714 3000 794 3062 forti
818 3020 854 3060 ac
875 3011 1006 3059 strenuo
1025 3017 1080 3056 ne-

122 3082 245 3162 gotrum
259 3091 339 3163 esse,
351 3073 423 3156 qui,
438 3096 537 3158 quum
552 3079 737 3158 cogitasset,
752 3079 861 3140 facere
876 3079 1025 3151 auderet,
1047 3085 1080 3135 et

121 3170 213 3288 prius
233 3163 391 3232 cogitare,
435 3176 506 3214 uam
528 3156 653 3232 conari,
679 3170 877 3234 consuesset,
898 3155 1080 3236 Autophra-

147 3238 231 3288 atem
251 3228 283 3290 in
298 3175 532 3313 Cappadociam
545 3234 649 3296 mittit.
677 3235 739 3297 Hic
758 3257 799 3298 ne
820 3237 940 3298 mtrare
960 3245 1081 3318 posset,
1102 3256 1121 3298 a

175 3446 203 3514 5)
230 3444 264 3526 ³¹.-
293 3461 319 3500 ει
344 3447 450 3516 omna,
478 3439 531 3509 ni.
558 3459 599 3512 ee.
619 3460 695 3512 nete.
722 3490 754 3502 -
781 3459 810 3527 e)
835 3461 903 3509 rm.
931 3461 1080 3526 etongor.

123 3527 308 3584 prosequitur
325 3529 442 3572 tontum.
478 3526 536 3591 Qui
551 3527 665 3580 vixdum
671 3546 683 3592 ,⁴
704 3527 753 3582 sed
770 3529 805 3580 cf.
824 3526 926 3578 Giinth.
