<?xml version="1.0" encoding="UTF-8"?>
<!DOCTYPE html PUBLIC "-//W3C//DTD XHTML 1.0 Transitional//EN"
    "http://www.w3.org/TR/xhtml1/DTD/xhtml1-transitional.dtd">
<html xmlns="http://www.w3.org/1999/xhtml" xml:lang="en" lang="en">
 <head>
  <title>
</title>
<meta http-equiv="Content-Type" content="text/html;charset=utf-8" />
  <meta name='ocr-system' content='tesseract 3.04.00' />
  <meta name='ocr-capabilities' content='ocr_page ocr_carea ocr_par ocr_line ocrx_word'/>
</head>
<body>
  <div class='ocr_page' id='page_1' title='image "./quaeexstantadop00nepogoog_0046.png"; bbox 0 0 2524 3872; ppageno 0'>
   <div class='ocr_carea' id='block_1_1' title="bbox 215 463 811 538">
    <p class='ocr_par' dir='ltr' id='par_1_1' title="bbox 215 463 811 538">
     <span class='ocr_line' id='line_1_1' title="bbox 215 463 811 538; baseline -0.007 -14"><span class='ocrx_word' id='word_1_1' title='bbox 215 471 256 538; x_wconf 73' lang='grc'><strong>38</strong></span> <span class='ocrx_word' id='word_1_2' title='bbox 572 463 612 529; x_wconf 81' lang='lat' dir='ltr'><strong>V.</strong></span> <span class='ocrx_word' id='word_1_3' title='bbox 646 480 760 531; x_wconf 72' lang='lat' dir='ltr'><strong>canon.</strong></span> <span class='ocrx_word' id='word_1_4' title='bbox 787 485 811 520; x_wconf 87' lang='grc' dir='ltr'><strong>ι.</strong></span> 
     </span>
    </p>
   </div>
   <div class='ocr_carea' id='block_1_2' title="bbox 135 614 1179 1102">
    <p class='ocr_par' dir='ltr' id='par_1_2' title="bbox 135 614 1179 1102">
     <span class='ocr_line' id='line_1_2' title="bbox 173 614 1179 700; baseline -0.011 -9"><span class='ocrx_word' id='word_1_5' title='bbox 173 630 194 699; x_wconf 78' lang='grc'><strong>6</strong></span> <span class='ocrx_word' id='word_1_6' title='bbox 217 628 317 691; x_wconf 84' lang='lat' dir='ltr'><strong>elatus</strong></span> <span class='ocrx_word' id='word_1_7' title='bbox 338 637 434 700; x_wconf 85' lang='lat' dir='ltr'><strong>esset,</strong></span> <span class='ocrx_word' id='word_1_8' title='bbox 453 621 622 690; x_wconf 77' lang='lat' dir='ltr'><strong>confestim</strong></span> <span class='ocrx_word' id='word_1_9' title='bbox 643 619 776 680; x_wconf 86' lang='lat' dir='ltr'><strong>animam</strong></span> <span class='ocrx_word' id='word_1_10' title='bbox 799 614 929 681; x_wconf 77' lang='lat' dir='ltr'><strong>efflavit.</strong></span> <span class='ocrx_word' id='word_1_11' title='bbox 970 617 1076 678; x_wconf 84' lang='lat' dir='ltr'><strong>Cuius·</strong></span> <span class='ocrx_word' id='word_1_12' title='bbox 1089 638 1179 680; x_wconf 86' lang='lat' dir='ltr'><strong>mor-</strong></span> 
     </span>
     <span class='ocr_line' id='line_1_3' title="bbox 212 696 1179 786; baseline -0.009 -18"><span class='ocrx_word' id='word_1_13' title='bbox 212 708 260 768; x_wconf 92' lang='lat' dir='ltr'><strong>tui</strong></span> <span class='ocrx_word' id='word_1_14' title='bbox 291 724 408 784; x_wconf 87' lang='lat' dir='ltr'><strong>corpus</strong></span> <span class='ocrx_word' id='word_1_15' title='bbox 438 723 537 786; x_wconf 91' lang='lat' dir='ltr'><strong>quum</strong></span> <span class='ocrx_word' id='word_1_16' title='bbox 566 699 682 767; x_wconf 89' lang='lat' dir='ltr'><strong>eodem</strong></span> <span class='ocrx_word' id='word_1_17' title='bbox 711 697 855 758; x_wconf 84' lang='lat' dir='ltr'><strong>nonnulli</strong></span> <span class='ocrx_word' id='word_1_18' title='bbox 886 696 1032 756; x_wconf 84' lang='lat' dir='ltr'><strong>dicerent</strong></span> <span class='ocrx_word' id='word_1_19' title='bbox 1058 697 1179 759; x_wconf 83' lang='lat' dir='ltr'><strong>inferri</strong></span> 
     </span>
     <span class='ocr_line' id='line_1_4' title="bbox 214 775 1179 876; baseline -0.009 -30"><span class='ocrx_word' id='word_1_20' title='bbox 214 809 233 854; x_wconf 91' lang='lat' dir='ltr'><strong>o</strong></span> <span class='ocrx_word' id='word_1_21' title='bbox 260 795 386 859; x_wconf 82' lang='lat' dir='ltr'><strong>ortere,</strong></span> <span class='ocrx_word' id='word_1_22' title='bbox 407 802 471 876; x_wconf 75' lang='lat' dir='ltr'><strong>quo</strong></span> <span class='ocrx_word' id='word_1_23' title='bbox 486 781 536 858; x_wconf 92' lang='lat' dir='ltr'><strong>hi,</strong></span> <span class='ocrx_word' id='word_1_24' title='bbox 556 780 612 864; x_wconf 90' lang='lat' dir='ltr'><strong>qui</strong></span> <span class='ocrx_word' id='word_1_25' title='bbox 626 778 665 838; x_wconf 91' lang='lat' dir='ltr'><strong>ad</strong></span> <span class='ocrx_word' id='word_1_26' title='bbox 680 797 717 844; x_wconf 83' lang='lat' dir='ltr'><strong>su</strong></span> <span class='ocrx_word' id='word_1_27' title='bbox 739 777 870 857; x_wconf 87' lang='lat' dir='ltr'><strong>plicium</strong></span> <span class='ocrx_word' id='word_1_28' title='bbox 890 787 996 856; x_wconf 74' lang='lat' dir='ltr'><strong>essent</strong></span> <span class='ocrx_word' id='word_1_29' title='bbox 1009 775 1092 854; x_wconf 79' lang='lat' dir='ltr'><strong>dati3</strong></span> <span class='ocrx_word' id='word_1_30' title='bbox 1114 777 1179 837; x_wconf 88' lang='lat' dir='ltr'><strong>dis-</strong></span> 
     </span>
     <span class='ocr_line' id='line_1_5' title="bbox 212 796 1177 946; baseline -0.01 -21"><span class='ocrx_word' id='word_1_31' title='bbox 212 808 326 946; x_wconf 78' lang='lat' dir='ltr'><strong>plicuit</strong></span> <span class='ocrx_word' id='word_1_32' title='bbox 345 860 507 942; x_wconf 80' lang='lat' dir='ltr'><strong>plumbus,</strong></span> <span class='ocrx_word' id='word_1_33' title='bbox 528 871 561 920; x_wconf 88' lang='lat' dir='ltr'><strong>et</strong></span> <span class='ocrx_word' id='word_1_34' title='bbox 581 796 742 940; x_wconf 35' lang='lat' dir='ltr'><strong>procul&amp;</strong></span> <span class='ocrx_word' id='word_1_35' title='bbox 764 855 803 914; x_wconf 88' lang='lat' dir='ltr'><strong>ab</strong></span> <span class='ocrx_word' id='word_1_36' title='bbox 825 876 864 917; x_wconf 87' lang='lat' dir='ltr'><strong>eo</strong></span> <span class='ocrx_word' id='word_1_37' title='bbox 881 854 954 914; x_wconf 86' lang='lat' dir='ltr'><strong>loeo</strong></span> <span class='ocrx_word' id='word_1_38' title='bbox 969 853 1177 929; x_wconf 84' lang='lat' dir='ltr'><strong>infoderunt,</strong></span> 
     </span>
     <span class='ocr_line' id='line_1_6' title="bbox 135 930 1179 1026; baseline -0.009 -23"><span class='ocrx_word' id='word_1_39' title='bbox 135 1009 139 1016; x_wconf 54' lang='grc'>,</span> <span class='ocrx_word' id='word_1_40' title='bbox 212 963 278 1026; x_wconf 89' lang='lat' dir='ltr'><strong>quo</strong></span> <span class='ocrx_word' id='word_1_41' title='bbox 303 953 372 1002; x_wconf 89' lang='lat' dir='ltr'><strong>erat</strong></span> <span class='ocrx_word' id='word_1_42' title='bbox 392 952 546 1004; x_wconf 89' lang='lat' dir='ltr'><strong>mortuus.</strong></span> <span class='ocrx_word' id='word_1_43' title='bbox 585 938 663 997; x_wconf 84' lang='lat' dir='ltr'><strong>Indo</strong></span> <span class='ocrx_word' id='word_1_44' title='bbox 686 933 846 1014; x_wconf 79' lang='lat' dir='ltr'><strong>posterius</strong></span> <span class='ocrx_word' id='word_1_45' title='bbox 870 932 950 1014; x_wconf 87' lang='lat' dir='ltr'><strong>[dei]</strong></span> <span class='ocrx_word' id='word_1_46' title='bbox 972 930 1002 1012; x_wconf 77' lang='lat'><strong>³)</strong></span> <span class='ocrx_word' id='word_1_47' title='bbox 1024 933 1179 1014; x_wconf 81' lang='lat' dir='ltr'><strong>Delphici</strong></span> 
     </span>
     <span class='ocr_line' id='line_1_7' title="bbox 213 1011 1179 1102; baseline -0.01 -20"><span class='ocrx_word' id='word_1_48' title='bbox 213 1041 368 1102; x_wconf 88' lang='lat' dir='ltr'><strong>responso</strong></span> <span class='ocrx_word' id='word_1_49' title='bbox 398 1031 526 1098; x_wconf 89' lang='lat' dir='ltr'><strong>erutus,</strong></span> <span class='ocrx_word' id='word_1_50' title='bbox 556 1029 653 1099; x_wconf 85' lang='lat' dir='ltr'><strong>atque</strong></span> <span class='ocrx_word' id='word_1_51' title='bbox 682 1014 798 1076; x_wconf 88' lang='lat' dir='ltr'><strong>eodem</strong></span> <span class='ocrx_word' id='word_1_52' title='bbox 823 1014 898 1080; x_wconf 89' lang='lat' dir='ltr'><strong>loeo</strong></span> <span class='ocrx_word' id='word_1_53' title='bbox 929 1011 1090 1094; x_wconf 82' lang='lat' dir='ltr'><strong>sepultus,</strong></span> <span class='ocrx_word' id='word_1_54' title='bbox 1119 1013 1179 1078; x_wconf 88' lang='lat' dir='ltr'><strong>ubi</strong></span> 
     </span>
    </p>
   </div>
   <div class='ocr_carea' id='block_1_3' title="bbox 216 1101 488 1188">
    <p class='ocr_par' dir='ltr' id='par_1_3' title="bbox 216 1101 488 1188">
     <span class='ocr_line' id='line_1_8' title="bbox 216 1101 488 1188; baseline -0.011 -20"><span class='ocrx_word' id='word_1_55' title='bbox 216 1101 312 1169; x_wconf 77' lang='lat' dir='ltr'><strong>sitam</strong></span> <span class='ocrx_word' id='word_1_56' title='bbox 329 1111 488 1188; x_wconf 74' lang='lat' dir='ltr'><strong>posuerat,</strong></span> 
     </span>
    </p>
   </div>
   <div class='ocr_carea' id='block_1_4' title="bbox 605 1399 775 1594">
    <p class='ocr_par' dir='ltr' id='par_1_4' title="bbox 605 1399 775 1594">
     <span class='ocr_line' id='line_1_9' title="bbox 670 1399 711 1464; baseline -0.024 0"><span class='ocrx_word' id='word_1_57' title='bbox 670 1399 711 1464; x_wconf 82' lang='lat' dir='ltr'><strong>V.</strong></span> 
     </span>
     <span class='ocr_line' id='line_1_10' title="bbox 605 1517 775 1594; baseline -0.012 -2"><span class='ocrx_word' id='word_1_58' title='bbox 605 1517 775 1594; x_wconf 76' lang='lat' dir='ltr'><strong>Cliton.</strong></span> 
     </span>
    </p>
   </div>
   <div class='ocr_carea' id='block_1_5' title="bbox 526 1765 857 1820">
    <p class='ocr_par' dir='ltr' id='par_1_5' title="bbox 526 1765 857 1820">
     <span class='ocr_line' id='line_1_11' title="bbox 526 1765 857 1820; baseline -0.015 0"><span class='ocrx_word' id='word_1_59' title='bbox 526 1765 857 1820; x_wconf 76' lang='lat' dir='ltr'><strong>ARGUMENTUM.</strong></span> 
     </span>
    </p>
   </div>
   <div class='ocr_carea' id='block_1_6' title="bbox 215 1896 1207 2302">
    <p class='ocr_par' dir='ltr' id='par_1_6' title="bbox 215 1896 1207 2302">
     <span class='ocr_line' id='line_1_12' title="bbox 283 1896 1177 1972; baseline -0.001 -21"><span class='ocrx_word' id='word_1_60' title='bbox 283 1898 349 1970; x_wconf 86' lang='lat' dir='ltr'><strong>Cap.</strong></span> <span class='ocrx_word' id='word_1_61' title='bbox 365 1901 386 1954; x_wconf 90' lang='lat' dir='ltr'><strong>l.</strong></span> <span class='ocrx_word' id='word_1_62' title='bbox 415 1900 497 1954; x_wconf 82' lang='lat' dir='ltr'><strong>liores</strong></span> <span class='ocrx_word' id='word_1_63' title='bbox 522 1911 697 1972; x_wconf 78' lang='lat' dir='ltr'><strong>paternorum</strong></span> <span class='ocrx_word' id='word_1_64' title='bbox 724 1901 894 1951; x_wconf 82' lang='lat' dir='ltr'><strong>vinculorum</strong></span> <span class='ocrx_word' id='word_1_65' title='bbox 918 1896 1014 1948; x_wconf 84' lang='lat' dir='ltr'><strong>Cimon</strong></span> <span class='ocrx_word' id='word_1_66' title='bbox 1040 1911 1057 1946; x_wconf 79' lang='grc' dir='ltr'>ι</span> <span class='ocrx_word' id='word_1_67' title='bbox 1079 1908 1177 1950; x_wconf 81' lang='lat' dir='ltr'><strong>sorore</strong></span> 
     </span>
     <span class='ocr_line' id='line_1_13' title="bbox 215 1967 1207 2086; baseline 0 -69"><span class='ocrx_word' id='word_1_68' title='bbox 215 1968 345 2026; x_wconf 81' lang='lat' dir='ltr'><strong>liberatur</strong></span> <span class='ocrx_word' id='word_1_69' title='bbox 371 1968 434 2086; x_wconf 55' lang='grc'><strong>3489</strong></span> <span class='ocrx_word' id='word_1_70' title='bbox 448 1987 474 2020; x_wconf 79' lang='lat' dir='ltr'><strong>a.</strong></span> <span class='ocrx_word' id='word_1_71' title='bbox 495 1971 558 2022; x_wconf 86' lang='lat' dir='ltr'><strong>Chr.</strong></span> <span class='ocrx_word' id='word_1_72' title='bbox 575 1970 613 2038; x_wconf 90' lang='lat' dir='ltr'><strong>n.)</strong></span> <span class='ocrx_word' id='word_1_73' title='bbox 629 1999 664 2010; x_wconf 94' lang='lat'>-</span> <span class='ocrx_word' id='word_1_74' title='bbox 690 1967 724 2017; x_wconf 93' lang='lat'><strong>11.</strong></span> <span class='ocrx_word' id='word_1_75' title='bbox 749 1969 812 2018; x_wconf 84' lang='lat' dir='ltr'><strong>Eius</strong></span> <span class='ocrx_word' id='word_1_76' title='bbox 832 1968 942 2016; x_wconf 82' lang='lat' dir='ltr'><strong>virtutes</strong></span> <span class='ocrx_word' id='word_1_77' title='bbox 961 1971 989 2015; x_wconf 87' lang='lat' dir='ltr'><strong>et</strong></span> <span class='ocrx_word' id='word_1_78' title='bbox 1007 1979 1050 2014; x_wconf 83' lang='lat' dir='ltr'><strong>res</strong></span> <span class='ocrx_word' id='word_1_79' title='bbox 1071 1974 1175 2030; x_wconf 78' lang='lat' dir='ltr'>gestae:</span> <span class='ocrx_word' id='word_1_80' title='bbox 1204 1997 1207 2001; x_wconf 92' lang='lat'>-</span> 
     </span>
     <span class='ocr_line' id='line_1_14' title="bbox 215 2031 1175 2102; baseline -0.001 -18"><span class='ocrx_word' id='word_1_81' title='bbox 215 2036 309 2086; x_wconf 83' lang='lat' dir='ltr'><strong>Persas</strong></span> <span class='ocrx_word' id='word_1_82' title='bbox 335 2054 367 2086; x_wconf 88' lang='lat' dir='ltr'><strong>eo</strong></span> <span class='ocrx_word' id='word_1_83' title='bbox 390 2056 432 2088; x_wconf 86' lang='lat' dir='ltr'><strong>em</strong></span> <span class='ocrx_word' id='word_1_84' title='bbox 455 2037 498 2088; x_wconf 89' lang='lat' dir='ltr'><strong>die</strong></span> <span class='ocrx_word' id='word_1_85' title='bbox 522 2039 607 2088; x_wconf 85' lang='lat' dir='ltr'><strong>navali</strong></span> <span class='ocrx_word' id='word_1_86' title='bbox 635 2045 663 2088; x_wconf 86' lang='lat' dir='ltr'><strong>et</strong></span> <span class='ocrx_word' id='word_1_87' title='bbox 688 2036 809 2084; x_wconf 70' lang='lat' dir='ltr'><strong>terrestri</strong></span> <span class='ocrx_word' id='word_1_88' title='bbox 832 2034 936 2102; x_wconf 88' lang='lat' dir='ltr'><strong>proelio</strong></span> <span class='ocrx_word' id='word_1_89' title='bbox 960 2031 1040 2082; x_wconf 83' lang='lat' dir='ltr'><strong>vincit</strong></span> <span class='ocrx_word' id='word_1_90' title='bbox 1066 2031 1134 2100; x_wconf 63' lang='grc'>(469</span> <span class='ocrx_word' id='word_1_91' title='bbox 1152 2035 1175 2083; x_wconf 84' lang='lat' dir='ltr'><strong>a.</strong></span> 
     </span>
     <span class='ocr_line' id='line_1_15' title="bbox 217 2099 1176 2169; baseline 0.001 -20"><span class='ocrx_word' id='word_1_92' title='bbox 217 2101 281 2160; x_wconf 83' lang='lat' dir='ltr'><strong>Chr.</strong></span> <span class='ocrx_word' id='word_1_93' title='bbox 300 2103 397 2169; x_wconf 83' lang='lat' dir='ltr'><strong>n.)·-·</strong></span> <span class='ocrx_word' id='word_1_94' title='bbox 414 2105 461 2152; x_wconf 89' lang='lat'><em>111.</em></span> <span class='ocrx_word' id='word_1_95' title='bbox 488 2105 653 2156; x_wconf 86' lang='lat' dir='ltr'><strong>Ostracismo</strong></span> <span class='ocrx_word' id='word_1_96' title='bbox 680 2102 708 2150; x_wconf 90' lang='lat' dir='ltr'><strong>in</strong></span> <span class='ocrx_word' id='word_1_97' title='bbox 733 2104 842 2152; x_wconf 84' lang='lat' dir='ltr'><strong>exilium</strong></span> <span class='ocrx_word' id='word_1_98' title='bbox 870 2101 993 2149; x_wconf 84' lang='lat' dir='ltr'><strong>mittitur.</strong></span> <span class='ocrx_word' id='word_1_99' title='bbox 1027 2099 1176 2151; x_wconf 81' lang='lat' dir='ltr'><strong>Revocatus</strong></span> 
     </span>
     <span class='ocr_line' id='line_1_16' title="bbox 237 2164 1176 2232; baseline 0.002 -18"><span class='ocrx_word' id='word_1_100' title='bbox 237 2183 320 2218; x_wconf 51' lang='lat' dir='ltr'><strong>acem¹</strong></span> <span class='ocrx_word' id='word_1_101' title='bbox 340 2185 400 2218; x_wconf 89' lang='lat' dir='ltr'><strong>cum</strong></span> <span class='ocrx_word' id='word_1_102' title='bbox 418 2169 640 2221; x_wconf 79' lang='lat' dir='ltr'><strong>Lacedaemoniis</strong></span> <span class='ocrx_word' id='word_1_103' title='bbox 661 2170 798 2218; x_wconf 86' lang='lat' dir='ltr'><strong>conciliat.</strong></span> <span class='ocrx_word' id='word_1_104' title='bbox 833 2167 920 2218; x_wconf 84' lang='lat' dir='ltr'><strong>Persis</strong></span> <span class='ocrx_word' id='word_1_105' title='bbox 944 2167 973 2215; x_wconf 92' lang='lat' dir='ltr'><strong>in</strong></span> <span class='ocrx_word' id='word_1_106' title='bbox 991 2164 1080 2232; x_wconf 75' lang='lat' dir='ltr'><strong>Cypro</strong></span> <span class='ocrx_word' id='word_1_107' title='bbox 1100 2169 1176 2217; x_wconf 89' lang='lat' dir='ltr'><strong>victis</strong></span> 
     </span>
     <span class='ocr_line' id='line_1_17' title="bbox 216 2183 1177 2302; baseline 0.001 -18"><span class='ocrx_word' id='word_1_108' title='bbox 216 2183 281 2302; x_wconf 62' lang='lat' dir='ltr'><strong>iiio</strong></span> <span class='ocrx_word' id='word_1_109' title='bbox 293 2250 317 2288; x_wconf 83' lang='lat' dir='ltr'><strong>a.</strong></span> <span class='ocrx_word' id='word_1_110' title='bbox 330 2235 395 2286; x_wconf 88' lang='lat' dir='ltr'><strong>Chr.</strong></span> <span class='ocrx_word' id='word_1_111' title='bbox 407 2235 445 2302; x_wconf 92' lang='lat' dir='ltr'><strong>n.)</strong></span> <span class='ocrx_word' id='word_1_112' title='bbox 465 2237 528 2292; x_wconf 88' lang='lat' dir='ltr'><strong>Citii</strong></span> <span class='ocrx_word' id='word_1_113' title='bbox 546 2237 669 2288; x_wconf 83' lang='lat' dir='ltr'><strong>moritur.</strong></span> <span class='ocrx_word' id='word_1_114' title='bbox 687 2259 720 2280; x_wconf 90' lang='lat'><strong>-.-</strong></span> <span class='ocrx_word' id='word_1_115' title='bbox 738 2236 785 2290; x_wconf 83' lang='lat' dir='ltr'><strong>IV.</strong></span> <span class='ocrx_word' id='word_1_116' title='bbox 804 2235 940 2288; x_wconf 84' lang='lat' dir='ltr'><strong>Laudatur</strong></span> <span class='ocrx_word' id='word_1_117' title='bbox 954 2234 1009 2284; x_wconf 85' lang='lat' dir='ltr'><strong>sius</strong></span> <span class='ocrx_word' id='word_1_118' title='bbox 1019 2233 1177 2285; x_wconf 73' lang='lat' dir='ltr'><strong>liberalitas.</strong></span> 
     </span>
    </p>
   </div>
   <div class='ocr_carea' id='block_1_7' title="bbox 113 2375 1188 3338">
    <p class='ocr_par' dir='ltr' id='par_1_7' title="bbox 297 2375 1188 2456">
     <span class='ocr_line' id='line_1_18' title="bbox 297 2375 1188 2456; baseline 0.007 -23"><span class='ocrx_word' id='word_1_119' title='bbox 297 2375 320 2442; x_wconf 75' lang='lat'><strong>1,</strong></span> <span class='ocrx_word' id='word_1_120' title='bbox 341 2375 469 2454; x_wconf 75' lang='lat' dir='ltr'><strong>emon,</strong></span> <span class='ocrx_word' id='word_1_121' title='bbox 490 2378 639 2440; x_wconf 81' lang='lat' dir='ltr'><strong>Miltiadis</strong></span> <span class='ocrx_word' id='word_1_122' title='bbox 659 2377 759 2456; x_wconf 86' lang='lat' dir='ltr'><strong>filius,</strong></span> <span class='ocrx_word' id='word_1_123' title='bbox 779 2375 999 2454; x_wconf 80' lang='lat' dir='ltr'><strong>Atheniensis,</strong></span> <span class='ocrx_word' id='word_1_124' title='bbox 1020 2377 1102 2442; x_wconf 88' lang='lat' dir='ltr'><strong>duro</strong></span> <span class='ocrx_word' id='word_1_125' title='bbox 1123 2375 1188 2440; x_wconf 80' lang='lat' dir='ltr'><strong>ad-¹</strong></span> 
     </span>
    </p>

    <p class='ocr_par' dir='ltr' id='par_1_8' title="bbox 113 2455 1179 2620">
     <span class='ocr_line' id='line_1_19' title="bbox 113 2455 1179 2538; baseline 0.007 -25"><span class='ocrx_word' id='word_1_126' title='bbox 113 2472 116 2476; x_wconf 88' lang='lat'>·</span> <span class='ocrx_word' id='word_1_127' title='bbox 217 2455 346 2514; x_wconf 90' lang='lat' dir='ltr'><strong>modum</strong></span> <span class='ocrx_word' id='word_1_128' title='bbox 359 2455 447 2517; x_wconf 91' lang='lat' dir='ltr'><strong>initio</strong></span> <span class='ocrx_word' id='word_1_129' title='bbox 462 2478 538 2518; x_wconf 88' lang='lat' dir='ltr'><strong>usus</strong></span> <span class='ocrx_word' id='word_1_130' title='bbox 553 2471 602 2520; x_wconf 87' lang='lat' dir='ltr'><strong>ost</strong></span> <span class='ocrx_word' id='word_1_131' title='bbox 617 2459 858 2520; x_wconf 85' lang='lat' dir='ltr'><strong>adolescentiae.</strong></span> <span class='ocrx_word' id='word_1_132' title='bbox 879 2459 959 2516; x_wconf 89' lang='lat' dir='ltr'><strong>Nam</strong></span> <span class='ocrx_word' id='word_1_133' title='bbox 973 2478 1070 2538; x_wconf 89' lang='lat' dir='ltr'><strong>quum</strong></span> <span class='ocrx_word' id='word_1_134' title='bbox 1082 2471 1179 2535; x_wconf 85' lang='lat' dir='ltr'><strong>pater</strong></span> 
     </span>
     <span class='ocr_line' id='line_1_20' title="bbox 218 2533 1178 2620; baseline 0.006 -26"><span class='ocrx_word' id='word_1_135' title='bbox 218 2533 286 2594; x_wconf 88' lang='lat' dir='ltr'><strong>eius</strong></span> <span class='ocrx_word' id='word_1_136' title='bbox 306 2534 606 2598; x_wconf 87' lang='lat' dir='ltr'><strong>litemaestimatam</strong></span> <span class='ocrx_word' id='word_1_137' title='bbox 622 2538 746 2620; x_wconf 84' lang='lat' dir='ltr'><strong>‚populo</strong></span> <span class='ocrx_word' id='word_1_138' title='bbox 768 2540 896 2599; x_wconf 87' lang='lat' dir='ltr'><strong>solvere</strong></span> <span class='ocrx_word' id='word_1_139' title='bbox 917 2555 978 2595; x_wconf 90' lang='lat' dir='ltr'><strong>non</strong></span> <span class='ocrx_word' id='word_1_140' title='bbox 1000 2539 1178 2617; x_wconf 88' lang='lat' dir='ltr'><strong>potuisset,</strong></span> 
     </span>
    </p>

    <p class='ocr_par' dir='ltr' id='par_1_9' title="bbox 216 2609 1179 2868">
     <span class='ocr_line' id='line_1_21' title="bbox 217 2609 1176 2698; baseline 0.004 -24"><span class='ocrx_word' id='word_1_141' title='bbox 217 2611 260 2674; x_wconf 91' lang='lat' dir='ltr'><strong>ob</strong></span> <span class='ocrx_word' id='word_1_142' title='bbox 288 2632 423 2698; x_wconf 86' lang='lat' dir='ltr'><strong>eamque</strong></span> <span class='ocrx_word' id='word_1_143' title='bbox 445 2636 570 2677; x_wconf 83' lang='lat' dir='ltr'><strong>oausam</strong></span> <span class='ocrx_word' id='word_1_144' title='bbox 594 2618 626 2678; x_wconf 91' lang='lat' dir='ltr'><strong>in</strong></span> <span class='ocrx_word' id='word_1_145' title='bbox 649 2617 782 2680; x_wconf 85' lang='lat' dir='ltr'><strong>vinoulis</strong></span> <span class='ocrx_word' id='word_1_146' title='bbox 806 2613 942 2698; x_wconf 82' lang='lat' dir='ltr'><strong>publicis</strong></span> <span class='ocrx_word' id='word_1_147' title='bbox 967 2609 1176 2696; x_wconf 62' lang='lat' dir='ltr'><strong>decessissem</strong></span> 
     </span>
     <span class='ocr_line' id='line_1_22' title="bbox 218 2691 1179 2776; baseline 0.01 -26"><span class='ocrx_word' id='word_1_148' title='bbox 218 2691 330 2752; x_wconf 86' lang='lat' dir='ltr'><strong>Cimon</strong></span> <span class='ocrx_word' id='word_1_149' title='bbox 344 2695 456 2754; x_wconf 86' lang='lat' dir='ltr'><strong>eadem</strong></span> <span class='ocrx_word' id='word_1_150' title='bbox 471 2697 616 2757; x_wconf 82' lang='lat' dir='ltr'><strong>custodia</strong></span> <span class='ocrx_word' id='word_1_151' title='bbox 628 2697 808 2771; x_wconf 84' lang='lat' dir='ltr'><strong>tenebatur,</strong></span> <span class='ocrx_word' id='word_1_152' title='bbox 824 2713 928 2776; x_wconf 85' lang='lat' dir='ltr'><strong>neque</strong></span> <span class='ocrx_word' id='word_1_153' title='bbox 944 2693 1069 2772; x_wconf 82' lang='lat' dir='ltr'><strong>legibus</strong></span> <span class='ocrx_word' id='word_1_154' title='bbox 1078 2698 1179 2759; x_wconf 85' lang='lat' dir='ltr'><strong>Athe-</strong></span> 
     </span>
     <span class='ocr_line' id='line_1_23' title="bbox 216 2769 1179 2868; baseline 0.012 -40"><span class='ocrx_word' id='word_1_155' title='bbox 216 2769 370 2840; x_wconf 87' lang='lat' dir='ltr'><strong>niensium</strong></span> <span class='ocrx_word' id='word_1_156' title='bbox 384 2775 484 2834; x_wconf 88' lang='lat' dir='ltr'><strong>emitti</strong></span> <span class='ocrx_word' id='word_1_157' title='bbox 496 2787 639 2868; x_wconf 81' lang='lat' dir='ltr'><strong>poterat,</strong></span> <span class='ocrx_word' id='word_1_158' title='bbox 654 2777 714 2836; x_wconf 91' lang='lat' dir='ltr'><strong>nisi</strong></span> <span class='ocrx_word' id='word_1_159' title='bbox 727 2773 904 2857; x_wconf 84' lang='lat' dir='ltr'><strong>pecuniam,</strong></span> <span class='ocrx_word' id='word_1_160' title='bbox 919 2793 981 2865; x_wconf 76' lang='lat' dir='ltr'><strong>qua</strong></span> <span class='ocrx_word' id='word_1_161' title='bbox 995 2784 1087 2853; x_wconf 86' lang='lat' dir='ltr'><strong>pater</strong></span> <span class='ocrx_word' id='word_1_162' title='bbox 1098 2782 1179 2840; x_wconf 88' lang='lat' dir='ltr'><strong>mul-</strong></span> 
     </span>
    </p>

    <p class='ocr_par' dir='ltr' id='par_1_10' title="bbox 178 2855 1178 2930">
     <span class='ocr_line' id='line_1_24' title="bbox 178 2855 1178 2930; baseline 0.012 -23"><span class='ocrx_word' id='word_1_163' title='bbox 178 2869 195 2908; x_wconf 84' lang='lat' dir='ltr'><strong>o</strong></span> <span class='ocrx_word' id='word_1_164' title='bbox 217 2859 301 2909; x_wconf 87' lang='lat' dir='ltr'><strong>tatus</strong></span> <span class='ocrx_word' id='word_1_165' title='bbox 322 2865 406 2930; x_wconf 89' lang='lat' dir='ltr'><strong>erat,</strong></span> <span class='ocrx_word' id='word_1_166' title='bbox 427 2855 584 2916; x_wconf 76' lang='lat' dir='ltr'><strong>solv1ss‘et.</strong></span> <span class='ocrx_word' id='word_1_167' title='bbox 625 2855 774 2916; x_wconf 86' lang='lat' dir='ltr'><strong>Habebat</strong></span> <span class='ocrx_word' id='word_1_168' title='bbox 795 2865 901 2913; x_wconf 87' lang='lat' dir='ltr'><strong>autem</strong></span> <span class='ocrx_word' id='word_1_169' title='bbox 922 2874 953 2910; x_wconf 91' lang='lat' dir='ltr'><strong>1n</strong></span> <span class='ocrx_word' id='word_1_170' title='bbox 975 2856 1178 2922; x_wconf 87' lang='lat' dir='ltr'><strong>matrimonio</strong></span> 
     </span>
    </p>

    <p class='ocr_par' dir='ltr' id='par_1_11' title="bbox 172 2931 1179 3338">
     <span class='ocr_line' id='line_1_25' title="bbox 172 2931 1178 3013; baseline 0.011 -25"><span class='ocrx_word' id='word_1_171' title='bbox 172 2961 174 2966; x_wconf 96' lang='lat'>·</span> <span class='ocrx_word' id='word_1_172' title='bbox 216 2945 363 2989; x_wconf 82' lang='lat' dir='ltr'><strong>sororem</strong></span> <span class='ocrx_word' id='word_1_173' title='bbox 383 2953 562 3013; x_wconf 83' lang='lat' dir='ltr'><strong>germanam</strong></span> <span class='ocrx_word' id='word_1_174' title='bbox 578 2955 676 3010; x_wconf 85' lang='lat' dir='ltr'><strong>suam,</strong></span> <span class='ocrx_word' id='word_1_175' title='bbox 696 2933 824 2994; x_wconf 87' lang='lat' dir='ltr'><strong>nomine</strong></span> <span class='ocrx_word' id='word_1_176' title='bbox 838 2931 1015 3012; x_wconf 85' lang='lat' dir='ltr'><strong>Elpinicen,</strong></span> <span class='ocrx_word' id='word_1_177' title='bbox 1035 2957 1099 2995; x_wconf 92' lang='lat' dir='ltr'><strong>nou</strong></span> <span class='ocrx_word' id='word_1_178' title='bbox 1114 2961 1178 2999; x_wconf 86' lang='lat' dir='ltr'><strong>ma·</strong></span> 
     </span>
     <span class='ocr_line' id='line_1_26' title="bbox 174 3005 1177 3142; baseline 0.014 -78"><span class='ocrx_word' id='word_1_179' title='bbox 174 3005 181 3024; x_wconf 79' lang='lat'><strong><em>‘</em></strong></span> <span class='ocrx_word' id='word_1_180' title='bbox 216 3006 266 3142; x_wconf 60' lang='lat' dir='ltr'><strong>pis</strong></span> <span class='ocrx_word' id='word_1_181' title='bbox 286 3029 412 3088; x_wconf 83' lang='lat' dir='ltr'><strong>amone,</strong></span> <span class='ocrx_word' id='word_1_182' title='bbox 441 3033 536 3094; x_wconf 85' lang='lat' dir='ltr'><strong>quam</strong></span> <span class='ocrx_word' id='word_1_183' title='bbox 555 3033 647 3074; x_wconf 86' lang='lat' dir='ltr'><strong>more</strong></span> <span class='ocrx_word' id='word_1_184' title='bbox 667 3014 790 3079; x_wconf 78' lang='lat' dir='ltr'><strong>duetus.</strong></span> <span class='ocrx_word' id='word_1_185' title='bbox 831 3014 911 3072; x_wconf 88' lang='lat' dir='ltr'><strong>Nam</strong></span> <span class='ocrx_word' id='word_1_186' title='bbox 930 3009 1177 3078; x_wconf 82' lang='lat' dir='ltr'><strong>Atheniensibus</strong></span> 
     </span>
     <span class='ocr_line' id='line_1_27' title="bbox 176 3084 1179 3178; baseline 0.012 -32"><span class='ocrx_word' id='word_1_187' title='bbox 176 3084 195 3146; x_wconf 80' lang='grc'><strong>3</strong></span> <span class='ocrx_word' id='word_1_188' title='bbox 218 3097 293 3178; x_wconf 54' lang='lat' dir='ltr'><strong>poet</strong></span> <span class='ocrx_word' id='word_1_189' title='bbox 313 3088 428 3149; x_wconf 87' lang='lat' dir='ltr'><strong>eodem</strong></span> <span class='ocrx_word' id='word_1_190' title='bbox 444 3105 535 3172; x_wconf 86' lang='lat' dir='ltr'><strong>patre</strong></span> <span class='ocrx_word' id='word_1_191' title='bbox 556 3104 643 3152; x_wconf 88' lang='lat' dir='ltr'><strong>natas</strong></span> <span class='ocrx_word' id='word_1_192' title='bbox 665 3095 782 3155; x_wconf 65' lang='lat' dir='ltr'><strong>uxores</strong></span> <span class='ocrx_word' id='word_1_193' title='bbox 807 3091 936 3152; x_wconf 84' lang='lat' dir='ltr'><strong>ducere.</strong></span> <span class='ocrx_word' id='word_1_194' title='bbox 975 3091 1079 3153; x_wconf 89' lang='lat' dir='ltr'><strong>Huius</strong></span> <span class='ocrx_word' id='word_1_195' title='bbox 1102 3116 1179 3158; x_wconf 87' lang='lat' dir='ltr'><strong>eon-</strong></span> 
     </span>
     <span class='ocr_line' id='line_1_28' title="bbox 216 3165 1178 3255; baseline 0.015 -33"><span class='ocrx_word' id='word_1_196' title='bbox 216 3165 295 3244; x_wconf 79' lang='lat' dir='ltr'><strong>tugii</strong></span> <span class='ocrx_word' id='word_1_197' title='bbox 319 3168 453 3247; x_wconf 86' lang='lat' dir='ltr'><strong>cupidus</strong></span> <span class='ocrx_word' id='word_1_198' title='bbox 486 3172 598 3232; x_wconf 88' lang='lat' dir='ltr'><strong>Callias</strong></span> <span class='ocrx_word' id='word_1_199' title='bbox 627 3173 773 3255; x_wconf 85' lang='lat' dir='ltr'><strong>quidam,</strong></span> <span class='ocrx_word' id='word_1_200' title='bbox 798 3191 862 3230; x_wconf 91' lang='lat' dir='ltr'><strong>non</strong></span> <span class='ocrx_word' id='word_1_201' title='bbox 892 3181 956 3226; x_wconf 91' lang='lat' dir='ltr'><strong>tam</strong></span> <span class='ocrx_word' id='word_1_202' title='bbox 977 3191 1178 3254; x_wconf 81' lang='lat' dir='ltr'><strong>¹generosus,</strong></span> 
     </span>
     <span class='ocr_line' id='line_1_29' title="bbox 217 3247 1178 3338; baseline 0.015 -36"><span class='ocrx_word' id='word_1_203' title='bbox 217 3261 312 3334; x_wconf 80' lang='lat' dir='ltr'><strong>qnam</strong></span> <span class='ocrx_word' id='word_1_204' title='bbox 333 3248 543 3330; x_wconf 79' lang='lat' dir='ltr'><strong>pecuniosus,</strong></span> <span class='ocrx_word' id='word_1_205' title='bbox 569 3251 624 3338; x_wconf 87' lang='lat' dir='ltr'><strong>qui</strong></span> <span class='ocrx_word' id='word_1_206' title='bbox 649 3270 775 3333; x_wconf 62' lang='lat' dir='ltr'><strong>magnas</strong></span> <span class='ocrx_word' id='word_1_207' title='bbox 800 3247 952 3337; x_wconf 83' lang='lat' dir='ltr'><strong>pecunias</strong></span> <span class='ocrx_word' id='word_1_208' title='bbox 981 3272 1021 3312; x_wconf 86' lang='lat' dir='ltr'><strong>ex</strong></span> <span class='ocrx_word' id='word_1_209' title='bbox 1044 3256 1178 3318; x_wconf 88' lang='lat' dir='ltr'><strong>metallis</strong></span> 
     </span>
    </p>
   </div>
   <div class='ocr_carea' id='block_1_8' title="bbox 225 3391 403 3412">
    <p class='ocr_par' dir='ltr' id='par_1_12' title="bbox 225 3391 403 3412">
     <span class='ocr_line' id='line_1_30' title="bbox 225 3391 403 3412; baseline 0 -1"><span class='ocrx_word' id='word_1_210' title='bbox 225 3391 403 3412; x_wconf 49' lang='lat' dir='ltr'><strong>*uu-un·-</strong></span> 
     </span>
    </p>
   </div>
   <div class='ocr_carea' id='block_1_9' title="bbox 212 3460 1181 3585">
    <p class='ocr_par' dir='ltr' id='par_1_13' title="bbox 212 3460 1181 3585">
     <span class='ocr_line' id='line_1_31' title="bbox 261 3460 1181 3538; baseline 0.013 -28"><span class='ocrx_word' id='word_1_211' title='bbox 261 3460 298 3529; x_wconf 76' lang='lat' dir='ltr'><strong>²i&#39;</strong></span> <span class='ocrx_word' id='word_1_212' title='bbox 311 3463 346 3514; x_wconf 88' lang='lat' dir='ltr'><strong>al.</strong></span> <span class='ocrx_word' id='word_1_213' title='bbox 370 3465 441 3514; x_wconf 88' lang='lat' dir='ltr'><strong>coni.</strong></span> <span class='ocrx_word' id='word_1_214' title='bbox 460 3463 539 3514; x_wconf 78' lang='lat' dir='ltr'><strong>haud</strong></span> <span class='ocrx_word' id='word_1_215' title='bbox 549 3467 668 3534; x_wconf 58' lang='lat' dir='ltr'><strong>protasi}</strong></span> <span class='ocrx_word' id='word_1_216' title='bbox 683 3467 731 3518; x_wconf 80' lang='lat' dir='ltr'><strong>sed</strong></span> <span class='ocrx_word' id='word_1_217' title='bbox 749 3469 784 3519; x_wconf 84' lang='lat' dir='ltr'><strong>oi.</strong></span> <span class='ocrx_word' id='word_1_218' title='bbox 803 3466 872 3519; x_wconf 83' lang='lat' dir='ltr'><strong>Dhn.</strong></span> <span class='ocrx_word' id='word_1_219' title='bbox 892 3474 919 3518; x_wconf 87' lang='lat' dir='ltr'><strong>et</strong></span> <span class='ocrx_word' id='word_1_220' title='bbox 936 3467 1016 3520; x_wconf 70' lang='lat' dir='ltr'><strong>Bard.</strong></span> <span class='ocrx_word' id='word_1_221' title='bbox 1034 3498 1068 3511; x_wconf 90' lang='lat'><strong>·-</strong></span> <span class='ocrx_word' id='word_1_222' title='bbox 1085 3469 1114 3538; x_wconf 81' lang='lat'><strong>3)</strong></span> <span class='ocrx_word' id='word_1_223' title='bbox 1133 3469 1181 3522; x_wconf 78' lang='lat' dir='ltr'><strong>dei</strong></span> 
     </span>
     <span class='ocr_line' id='line_1_32' title="bbox 212 3529 572 3585; baseline 0.003 -5"><span class='ocrx_word' id='word_1_224' title='bbox 212 3529 288 3582; x_wconf 76' lang='lat' dir='ltr'><strong>abest</strong></span> <span class='ocrx_word' id='word_1_225' title='bbox 306 3547 321 3580; x_wconf 89' lang='lat' dir='ltr'><strong>a</strong></span> <span class='ocrx_word' id='word_1_226' title='bbox 340 3529 420 3585; x_wconf 85' lang='lat' dir='ltr'><strong>codd.</strong></span> <span class='ocrx_word' id='word_1_227' title='bbox 440 3549 462 3580; x_wconf 65' lang='lat' dir='ltr'><strong>n</strong></span> <span class='ocrx_word' id='word_1_228' title='bbox 480 3531 548 3581; x_wconf 89' lang='lat' dir='ltr'><strong>Dhn.</strong></span> <span class='ocrx_word' id='word_1_229' title='bbox 571 3553 572 3556; x_wconf 42' lang='lat'>¹</span> 
     </span>
    </p>
   </div>
   <div class='ocr_carea' id='block_1_10' title="bbox 0 0 1275 3872">
    <p class='ocr_par' dir='ltr' id='par_1_14' title="bbox 0 0 1275 3872">
     <span class='ocr_line' id='line_1_33' title="bbox 0 0 1275 3872; baseline 0 0"><span class='ocrx_word' id='word_1_230' title='bbox 0 0 1275 3872; x_wconf 95' lang='lat' dir='ltr'><strong> </strong></span> 
     </span>
    </p>
   </div>
  </div>
 </body>
</html>
