2524 3872
387 405 468 470 xm.
490 427 687 474 eunomus.
706 407 736 476 3.
756 414 786 482 t,
1027 407 1072 487 7³

105 562 189 626 lilius
213 563 399 646 Iphicratis,
426 585 525 648 gener
547 565 724 640 Timothei,
752 577 802 643 et,
828 575 864 626 ut
883 564 923 626 ad
945 564 1069 628 bellum

105 641 345 784 proficiscatur,
368 643 561 706 decernitur.
601 646 686 706 Huic
713 645 745 705 in
765 645 933 707 consilinm
953 644 1068 706 dantur

128 743 172 788 uo
196 745 257 785 usu
284 723 502 806 sapientiaque
524 735 740 804 praestantes,
769 745 907 806 quorum
934 724 1067 786 consilio

105 814 272 880 uteretur,
299 813 393 883 pater
418 812 451 862 et
483 822 595 866 socer:
634 802 723 884 quod
751 803 783 862 in
808 802 857 863 hie
885 815 970 865 tama
999 815 1068 866 erat

106 881 295 956 auctoritas,
325 892 362 942 nt
389 900 501 962 magna
535 900 608 961 spes
638 891 739 959 esset,
772 901 833 962 per
867 901 923 944 eos
956 881 1068 942 amissa

107 979 205 1040 posse
226 979 304 1020 recu
331 959 425 1022 erari.
465 960 509 1020 Hi
528 980 625 1043 quum
644 957 772 1020 Samum
814 958 932 1020 refecti
952 959 1108 1038 essentd

106 1050 140 1099 et
154 1038 270 1101 codem
284 981 420 1114 Chares,
442 1039 579 1102 adventu
599 1037 755 1132 [illorum]
775 981 812 1117 ‘ll
828 1039 973 1118 cognito,
994 1059 1067 1102 cum

109 1117 175 1177 suis
196 1137 235 1178 co
260 1117 297 1177 iis
322 1117 604 1198 proficisceretur,
629 1136 670 1177 ne
694 1116 771 1201 quad
788 1115 917 1178 ahsente
940 1139 975 1179 se
996 1138 1067 1200 ges·

103 1205 174 1256 tum
207 1139 389 1275 rideretnr3
421 1198 554 1275 accidit,
590 1217 689 1278 quum
719 1197 759 1257 ad
787 1196 920 1256 insulam
949 1217 1066 1279 appro-

104 1274 313 1358 pinquarent,
333 1287 372 1336 ut
391 1296 502 1357 magna
522 1286 694 1356 tempestas
711 1275 867 1338 oriretur:
892 1295 987 1358 quam
1001 1276 1067 1340 evi·

105 1366 177 1415 tare
204 1353 269 1415 duo
294 1365 424 1416 veteres
456 1355 666 1436 imperatores
697 1355 774 1416 utile
803 1353 947 1416 arbitrati
977 1376 1067 1416 suam

105 1433 239 1494 classem
266 1445 521 1514 suppresserunt.
562 1435 607 1496 At
633 1433 705 1511 ille,
729 1433 899 1496 temeraria
919 1455 995 1496 usus
1018 1439 1109 1505 ιιι-4

104 1511 212 1588 tione,
238 1531 303 1574 non
330 1513 604 1576 cessitmaiorum
630 1525 706 1573 natu
728 1513 925 1592 auctoritati,
956 1527 1005 1590 ct,
1032 1523 1069 1574 ut

104 1587 174 1670 si7)
195 1591 227 1651 in
245 1611 300 1651 sua
314 1593 386 1654 navi
403 1603 488 1654 esset
502 1593 648 1668 fortuna,
669 1613 734 1674 quo
749 1591 973 1671 contenderat,
994 1613 1069 1675 per·

105 1669 212 1732 venit:
240 1669 420 1754 eodemque
441 1682 477 1732 ut
497 1681 727 1754 sequcrentur,
751 1671 791 1732 ad
812 1672 1016 1734 Timotheum
1037 1683 1070 1734 et

103 1749 118 1807 l
142 1747 297 1808 hieratcm
311 1751 456 1812 nuntium
469 1749 563 1810 misit.
592 1749 692 1824 Hinc,
708 1749 790 1808 male
804 1769 841 1808 re
856 1761 962 1830 gesta,
983 1770 1069 1812 com·

103 1769 253 1908 pluribus
275 1827 393 1886 amissis
414 1825 562 1902 naribus,
591 1826 724 1900 eodem,
757 1823 842 1887 unde
867 1839 937 1888 erat
961 1827 1071 1907 profe-

107 1916 197 1980 ctus,
225 1925 259 1964 se
284 1905 426 1983 reecpit,
454 1904 629 1986 literaeque
650 1901 789 1963 Athenas
817 1903 946 1983 publice
970 1905 1072 1980 misit,

105 1983 170 2043 sibi
193 1982 339 2063 proclive
367 1982 485 2057 fuisse,
515 1982 643 2042 Samum
671 1999 807 2061 capere,
836 1980 895 2040 nisi
922 2003 940 2042 a
965 1983 1072 2044 Timo·

106 2060 186 2123 theo
207 2072 241 2122 et
264 2061 422 2141 Iphicrate
448 2059 595 2120 desertus
628 2068 721 2120 esset.
762 2057 830 2140 [Ob
852 2079 920 2120 eam
945 2081 1015 2122 rem
1039 2053 1111 2120 int

106 2140 230 2200 crimen
250 2139 468 2222 vocabantur]
487 2135 517 2220 8)
543 2138 687 2220 Populus
709 2157 799 2216 acer,
821 2139 984 2224 suspicax,
1004 2161 1072 2202 mo·

75 2269 77 2274 .
105 2219 196 2295 bilis,
227 2219 444 2297 adversarius,
477 2219 600 2281 invidus
623 2218 717 2278 etiam
765 2219 920 2294 otentiae,
942 2219 1072 2282 domum

108 2309 257 2360 revocat:
280 2310 468 2360 accusantur
489 2297 687 2380 proditionis.
756 2317 795 2358 oc
813 2297 932 2362 indicio
948 2299 1073 2359 damna-

108 2387 163 2437 tur
185 2378 389 2456 Timotheus,
408 2379 512 2460 lisque
533 2378 601 2438 eius
624 2376 807 2438 aestimatur
828 2388 953 2438 eentum
974 2377 1073 2438 talen·

108 2455 159 2517 tis.
199 2457 287 2594 Ille,
301 2457 376 2518 odio
399 2457 539 2541 ingratae
561 2457 695 2520 civitatis
717 2468 864 2534 coaeum,
889 2456 1073 2518 Chalcidem

110 2554 144 2596 se
166 2546 265 2596 contu
278 2547 314 2598 rt.
418 2590 420 2594 .

190 2613 243 2676 IV.
271 2613 373 2677 Huius
400 2625 475 2696 post
501 2625 640 2676 mortem
661 2635 759 2696 quum
781 2612 937 2693 populum
962 2610 1072 2673 iudicii
1097 2609 1117 2668 ι*

111 2691 160 2753 sui
187 2694 386 2778 poeniteret,
420 2693 537 2753 multae
570 2714 687 2754 novem
713 2702 822 2785 partes
856 2690 1009 2768 detraxit,
1040 2701 1074 2752 et

100 2771 225 2832 decem
245 2774 362 2833 talenta
375 2774 555 2848 Cononem,
578 2773 679 2832 lilium
702 2791 788 2848 ems,
808 2768 848 2828 ad
867 2771 951 2829 muri
965 2790 1074 2909 paam·

111 2850 183 2911 dam
207 2864 332 2931 partem
351 2849 556 2912 reficiendam
579 2851 670 2912 iussit
695 2849 781 2910 dare.
822 2849 856 2907 ln
877 2869 942 2929 quo
985 2860 1075 2908 ortu·

110 2949 170 2990 nae
186 2930 322 2990 varietas
345 2942 394 2990 est
408 2929 632 2990 animadversa.
672 2930 751 2988 Nam
771 2947 852 3012 quos
868 2947 946 2988 avus
962 2929 1074 2989 Conon

110 3029 220 3072 muros
234 3023 282 3071 'ex
295 3009 435 3075 hostium
453 3008 573 3095 praeda
586 3007 707 3091 patriae
722 3008 923 3086 restituerat,
944 3007 1074 3072 eosdem

111 3153 306 3173 -onanp

179 3247 215 3364 GL
239 3247 267 3296 ln
293 3247 374 3298 codd.
402 3247 456 3300 hoe
484 3261 637 3318 pronomen
662 3247 736 3296 vario
761 3247 826 3298 loco
851 3244 979 3314 ponitur,
1006 3255 1074 3290 non·

112 3317 179 3366 nulli
218 3314 300 3365 abent
328 3333 429 3367 eorum.
448 3342 482 3358 ·-·
512 3316 538 3384 7)
562 3317 596 3366 al.
619 3315 747 3364 omittunt
771 3314 810 3374 si,
839 3321 864 3364 et
887 3327 949 3362 mox
970 3314 1075 3377 ponunt

5 3397 7 3402 ·
113 3400 195 3433 marm
213 3398 264 3450 pro
289 3383 368 3448 aravi,
390 3385 425 3438 cl.
444 3384 548 3449 Daehn,
579 3409 600 3424 -
623 3380 651 3448 8)
671 3379 767 3432 desum
784 3378 850 3434 haec
868 3380 895 3440 ln
914 3377 975 3429 eod.
996 3375 1074 3425 Voss.

113 3450 144 3502 B.
161 3452 196 3504 el.
214 3449 249 3500 cl.
268 3449 369 3502 Giinth-
