2524 3872
217 407 256 464 so
481 355 547 470 vil.
569 421 776 465 accinimus.
797 407 826 466 8.
849 422 878 485 9.

217 559 466 636 Atheniensium,
481 559 590 645 ibique
604 559 770 646 praesente
785 563 883 643 vulgo
898 583 994 644 agere
1009 563 1129 644 coepit,
1151 566 1180 624 si

217 643 367 718 vellent,
381 662 414 701 se
436 653 621 703 coacturum
636 643 831 723 Lysandrum
855 653 908 700 aut
932 643 1179 714 dimicare,·aut

216 742 330 802 pacem
360 733 488 801 petere:
515 723 784 783 Lacedaemonios
816 741 856 782 eo
883 722 970 782 nolle
1001 720 1179 782 condicere

205 802 334 876 classe,
357 802 444 880 quod
461 801 662 882 pedestribus
684 801 785 882 copiis
806 801 894 880 plus,
917 819 1012 883 quam
1027 768 1178 878 navibus,

177 879 196 942 3
218 881 377 954 valerent3
395 881 454 940 sibi
468 891 573 940 autem
587 901 656 942 esse
671 879 777 954 facile,
792 879 945 956 Seuthen,
958 901 1068 962 regem
1078 881 1180 942 'l'hra-

218 978 306 1032 cum,
331 959 510 1033 deducere,
534 973 569 1020 ut
595 981 650 1020 eos
671 971 757 1019 terra
777 961 972 1040 depelleret:
1003 980 1066 1041 quo
1088 958 1177 1020 facto

217 1039 396 1112 necessario
414 1053 467 1100 aut
488 1041 587 1099 classe
601 1037 822 1115 conllictnros,
844 1049 898 1098 aut
912 1038 1032 1097 bellum
1047 1053 1179 1119 compo·

170 1123 198 1187 'lt
216 1119 340 1179 situros.
373 1119 408 1178 ld
426 1120 485 1178 etsi
499 1126 577 1178 tere
592 1119 708 1177 dictum
719 1118 880 1178 Philocles
894 1116 1178 1192 animadvertebat,

215 1208 319 1256 tamen
333 1197 492 1278 postulata
506 1197 616 1257 facere
634 1197 751 1272 noluit,
773 1199 861 1280 quod
879 1197 1052 1272 sentiebat,
1074 1217 1109 1256 se
1123 1198 1179 1256 Al-

168 1277 172 1282 ’
215 1276 340 1336 cibiade
358 1289 510 1357 recepto,
531 1277 647 1355 nullius
661 1277 813 1336 momenti
831 1276 915 1356 apud
930 1275 1105 1336 exercitum
1125 1275 1178 1336 fu·

206 1367 340 1431 turum,
362 1367 412 1431 et,
433 1357 459 1416 si
481 1355 557 1437 quid
572 1355 703 1416 secundi
718 1355 887 1431 evenisset,
906 1355 1025 1415 nullam
1038 1355 1071 1414 in
1086 1375 1124 1415 ea
1138 1376 1177 1416 re

215 1455 303 1494 suam
322 1446 446 1515 partem
467 1430 557 1510 fore3
582 1445 691 1494 contra
713 1453 769 1509 ea,
798 1435 823 1493 si
851 1435 928 1516 quid
949 1435 1075 1494 adversi
1095 1435 1178 1494 acci·

174 1509 195 1576 5
216 1513 331 1588 disset,
353 1533 386 1572 se
407 1535 505 1573 unum
526 1515 594 1573 eius
616 1513 724 1574 delicti
746 1513 889 1572 futurum
908 1533 1009 1572 reum.
1040 1513 1091 1572 Ab
1112 1513 1177 1574 hoc

214 1592 380 1652 discedens
398 1593 598 1668 Alcibiades,
620 1595 784 1675 quoniam,
806 1593 924 1674 inquit,
946 1593 1101 1652 victoriae
1121 1613 1177 1672 pa·

212 1671 294 1731 triac
325 1692 500 1752 repugnas,
532 1672 611 1731 illud
642 1691 776 1747 moneo,
806 1673 891 1731 iuxta
922 1671 1047 1731 hostem
1074 1683 1177 1731 castra

212 1749 330 1822 habeas
355 1752 497 1817 nautica,-
524 1752 703 1833 periculum
723 1764 772 1811 est
793 1751 895 1826 enim,
916 1772 955 1810 ne
976 1750 1177 1811 immodestia

213 1829 348 1890 militum
377 1843 561 1892 nostrorum
595 1832 719 1892 occasio
754 1831 849 1890 detur
878 1831 1041 1908 Lysandro
1074 1829 1177 1902 nostri

168 1904 193 1971 ,6
213 1910 414 1990 opprimendi
443 1913 611 1973 exercitus.
652 1913 766 1993 Neque
796 1931 832 1969 ea
855 1929 907 1968 res
931 1910 1021 1970 illum
1042 1908 1173 1970 fefellit.

210 1991 290 2048 Nam
310 1991 488 2070 Lysander,
513 2012 611 2074 quum
632 2011 692 2070 per
715 1989 932 2070 speculatores
952 1988 1173 2070 comperisset,

210 2068 342 2147 vulgum
371 2071 610 2142 Atheniensium
638 2069 669 2127 in
698 2081 816 2129 terram
841 2068 1028 2146 praedatum
1055 2067 1176 2143 exisse,

203 2165 371 2238 maresque
386 2169 487 2226 paene
503 2150 609 2207 inanes
631 2148 775 2221 relictas,
798 2158 922 2225 tempus
944 2147 993 2206 rei
1014 2146 1176 2229 gerendae

209 2243 274 2284 non
295 2224 430 2298 dimisit,
453 2247 558 2308 eoque
580 2227 701 2306 impetu
721 2239 825 2286 totum
845 2225 965 2286 bellum
988 2225 1117 2287 delevit.

280 2305 334 2364 IX.
358 2304 401 2362 At
421 2305 618 2381 Alcibiades,
641 2306 735 2367 victis
751 2305 995 2365 Atheniensibus
1013 2327 1076 2367 non
1097 2305 1174 2364 satis

202 2391 277 2442 tuta
298 2382 409 2444 eadem
427 2385 499 2444 loca
520 2385 579 2444 sibi
601 2385 788 2460 arbitratus,
810 2385 936 2464 penitus
953 2385 984 2444 in
1004 2384 1175 2444 Thraciam

209 2479 244 2518 se
266 2481 361 2542 supra
380 2463 611 2548 Propontidem
631 2463 768 2536 abdidit,
789 2483 936 2543 sperans,
957 2465 1002 2524 ibi
1021 2463 1175 2524 facillime

168 2555 188 2600 a
209 2557 297 2603 suam
320 2539 479 2604 fortunam
501 2544 603 2607 occuli
627 2563 732 2625 posse.
752 2543 844 2602 Falso
864 2539 904 2620 3).
923 2545 1002 2603 Nam
1020 2544 1175 2620 Thraces,

208 2629 378 2716 postquam
400 2641 473 2682 eum
489 2643 561 2684 cum
574 2645 686 2705 magna
700 2622 836 2704 pecunia
849 2623 975 2684 venisse
993 2633 1174 2698 senserunt,

203 2699 334 2764 tnsidtas
355 2699 503 2768 facerunt
516 2697 565 2781 4):
590 2705 645 2786 qui
661 2725 708 2779 ea,
724 2714 1011 2784 quaeapportarat,
1034 2701 1174 2764 abstule-

166 2777 297 2855 arunt,
325 2779 430 2863 ipsum
451 2803 577 2846 caere
606 2805 668 2850 non
702 2789 889 2869 potuerunt.
929 2784 987 2843 Ille
1017 2801 1172 2858 cernens,
1192 2783 1221 2806 ’-

203 2857 327 2917 nullum
350 2861 457 2924 locum
480 2883 506 2920 ει
529 2862 540 2920 1
560 2875 665 2924 tutum
686 2864 718 2922 in
743 2862 878 2922 Graecia
899 2874 1036 2943 propter
1056 2873 1172 2942 poten-

204 2935 280 2995 tiam
306 2939 649 3020 Lacedaemoniorum,
680 2942 720 3002 ad
740 2941 983 3002 Pharnabazum
1009 2942 1041 3000 in
1063 2940 1171 3000 Asiam

146 3067 149 3072 .
202 3016 343 3077 transiit:
365 3038 461 3099 quem
482 3021 612 3104 quidem
627 3022 708 3082 adeo
730 3042 786 3081 sua
801 3021 889 3102 oepit
903 3020 1115 3094 humanitate,
1131 3030 1172 3079 ut

204 3115 279 3156 eum
298 3115 392 3156 nemo
414 3099 445 3161 in
463 3101 600 3163 amicitia
622 3101 839 3164 antecederet.
869 3102 1013 3182 Namque
1035 3099 1066 3158 ei
1085 3098 1171 3157 Gru-

186 3205 188 3208 ·
201 3174 289 3238 nium
302 3174 436 3244 dederat
449 3178 628 3268 inPhrygia
641 3192 792 3258 castrum,
808 3200 849 3243 ex
865 3199 929 3262 quo
944 3179 1170 3262 quinquagena

206 3327 406 3342 nunnus—ua*—

236 3399 269 3463 3)
289 3401 336 3450 Ax.
359 3398 508 3466 sedsalso,
539 3403 601 3454 Vid.
627 3402 734 3455 Dachn.
759 3430 792 3442 -
825 3403 860 3466 4)
880 3404 960 3472 vulgo
984 3403 1012 3454 εἰ
1030 3399 1171 3466 ficerunt.

195 3467 280 3525 hard.
298 3482 450 3536 pronomen
467 3471 547 3520 uncis
563 3471 686 3536 inclusit,
706 3470 742 3524 cl.
757 3469 860 3522 Daehu.
