2524 3872
168 363 205 418 ba
512 353 551 416 x.
573 373 665 416 ntor.
688 354 777 418 3-6.
824 432 830 437 -

167 515 357 578 auctoritate
377 515 483 594 potuit
501 513 662 658 valuitque
677 513 873 594 eloquentia,
894 525 931 579 ut
950 515 981 578 ei
996 535 1130 597 poma.

168 596 260 669 aerit,
282 593 451 673 tyrannidis
464 595 578 656 ¹iacere
622 615 708 669 nem,
729 593 972 676 libertatemque
988 595 1129 658 reddere

167 673 387 753 Syracusanis:
409 695 426 734 a
448 696 511 756 qua
535 675 694 735 voluntate
721 671 846 734 Philisti
868 674 999 740 consilio
1020 673 1129 737 deter-

163 754 247 828 ritus
268 753 426 833 aliquanto
453 753 615 814 crudelior
635 773 704 814 esse
730 752 847 832 coepit.

247 833 301 893 lV.
325 831 390 918 Qui
412 833 542 916 quidem
567 853 666 915 quum
686 855 704 892 a
727 832 832 891 Dione
854 852 889 892 se
909 833 1055 912 superari
1081 833 1129 894 vi·

165 911 261 972 deret
276 911 401 994 ingenio
411 958 431 988 ,.
441 911 649 986 auctoritate,
671 931 779 973 amore
794 911 915 991 populi,
929 931 1060 984 verens,
1075 933 1129 988 ne,

166 991 194 1052 si
216 1009 288 1050 eum
303 1012 411 1052 secum
425 991 576 1065 haberet,
598 991 734 1072 aliquam
755 990 955 1050 occasionem
972 990 1022 1049 sui
1036 991 1129 1051 daret

168 1070 384 1150 opprimendi,
407 1093 521 1134 navem
546 1071 576 1130 ei
602 1070 764 1132 triremem
794 1067 899 1142 dedit,
930 1089 993 1150 qua
1016 1071 1129 1132 Corin-

167 1149 258 1209 thum
274 1147 507 1214 deveheretur:
531 1147 711 1222 ostendens,
733 1169 767 1209 ae
787 1148 820 1207 id
839 1148 1004 1230 utriusque
1018 1148 1128 1210 facere

163 1247 276 1304 causa,
297 1247 353 1300 ne,
375 1249 473 1310 quum
493 1229 576 1288 inter
591 1247 625 1287 se
638 1227 804 1302 timerent,
826 1229 981 1288 alteruter
993 1228 1130 1288 alterum

129 1334 146 1374 2
164 1318 431 1388 praeoccuparet.
455 1306 491 1365 ld
512 1327 611 1390 quum
627 1305 747 1366 factum
764 1306 858 1366 multi
872 1306 1129 1399 indignarenuu,

164 1407 365 1467 magnaeque
387 1398 472 1448 esset
493 1384 628 1446 invidiae
645 1397 795 1463 tyranno,
817 1386 986 1464 Dionysius
1008 1385 1129 1459 omnia,

165 1485 250 1547 ,quae
265 1466 387 1526 moveri
401 1465 683 1544 poterantDionis,
704 1465 735 1524 in
752 1461 885 1543 naresi)
903 1465 1069 1544 imposuit,
1088 1465 1130 1525 ad

165 1564 306 1626 eumque
327 1544 422 1606 misit.
444 1545 496 1605 Sic
514 1543 596 1604 enirn
613 1543 783 1604 existimari
801 1545 945 1620 volebat,
964 1542 997 1602 id
1014 1563 1130 1606 senon

128 1632 147 1694 3
165 1623 245 1684 edio
266 1623 417 1698 hominis,
438 1623 496 1684 sed
516 1643 592 1686 auae
614 1623 721 1685 salutis
742 1623 857 1684 fecisse
874 1642 975 1683 causa.
1010 1624 1131 1694 Postea

165 1723 248 1764 ,vero
267 1724 360 1784 quam
375 1702 512 1778 audivit,
531 1723 603 1762 eum
619 1703 650 1762 in
663 1703 887 1783 Peloponneso
900 1723 1025 1762 manum
1041 1721 1130 1762 com·

146 1803 301 1862 uparare,
322 1781 447 1864 sibique
466 1782 586 1842 bellum
601 1780 708 1841 facere
725 1783 848 1858 conari3
865 1781 1002 1856 Areten,
1018 1781 1130 1840 llionia
1204 1849 1208 1858 Ι

169 1882 319 1936 uxorem,
341 1861 392 1920 alii
404 1873 537 1942 nuptum
553 1859 656 1934 dedit,
678 1858 840 1954 filiumque
855 1859 921 1920 eius
937 1859 982 1920 sic
999 1858 1131 1920 educari

165 1941 274 2016 iussit,
296 1951 332 2000 ut
353 1939 546 2022 indulgendo
573 1939 762 2020 turpissimis
782 1940 981 1999 tmbueretur
1009 1938 1130 2018 cupidi-

130 2021 296 2098 4tatibus.
336 2021 415 2078 Nam
437 2039 557 2100 puero,
577 2019 763 2100 priusquam
782 2018 885 2099 pubes
901 2030 1002 2093 esset,
1023 2028 1130 2080 scorta

172 2097 410 2158 adducebantur
417 2120 426 2175 3
447 2098 521 2159 vino
537 2098 704 2180 epulisque
720 2097 935 2173 obruebatur;
958 2117 1064 2178 neque
1083 2097 1131 2154 ul·
1159 2169 1164 2172 ᾖ

131 2184 151 2245 5
172 2179 237 2236 lum
251 2189 376 2257 tempus
391 2177 499 2238 sobrio
520 2177 770 2260 relinquebatur.
812 2179 840 2236 ls
860 2195 963 2258 usque
987 2196 1026 2235 eo
1048 2175 1130 2236 vitae

167 2268 288 2317 statum
310 2267 537 2316 commutatum
558 2257 646 2318 l'erre
668 2276 732 2316 nen
759 2257 883 2336 potuit,
907 2266 1076 2337 postquam
1098 2254 1131 2314 in

195 2335 305 2394 atriam
335 2335 430 2396 rediit
456 2347 551 2416 pater
581 2337 730 2417 (nemque
758 2357 774 2394 a
799 2335 895 2416 positi
917 2347 1007 2394 erant
1027 2345 1131 2393 custo·

128 2441 133 2452 ¹
171 2357 246 2490 des,
268 2415 323 2496 qui
339 2435 411 2474 eum
433 2435 449 2476 a
470 2416 604 2497 pristino
625 2415 713 2477 uictu
725 2356 956 2490 deducerent),
977 2425 1015 2472 ut
1035 2433 1069 2472 se
1090 2411 1131 2472 de

166 2495 340 2574 superiore
354 2507 444 2575 parte
463 2495 587 2558 aedium
601 2493 771 2572 deiecerit,
791 2507 886 2578 atque
906 2493 949 2552 ita
966 2491 1131 2564 interierit.

173 2572 239 2634 Sed
262 2575 338 2634 illue
357 2587 517 2636 revertor.
1133 2573 1141 2596 ‘

224 2683 226 2688 ·
254 2653 294 2716 V.
325 2655 498 2736 Postquam
522 2650 710 2713 Corinthum
720 2653 876 2790 (pervenit
897 2651 998 2726 Dion,
1024 2661 1057 2710 et
1078 2669 1132 2710 eo·

128 2771 131 2778 ·
175 2732 248 2793 dem
260 2733 402 2815 perfugit
414 2731 613 2807 Heraclides,
629 2732 667 2792 ab
679 2751 717 2792 eo
742 2753 792 2792 em
807 2733 956 2812 expulsus
968 2729 1132 2808 Dionysio,

175 2813 234 2897 qui
253 2812 436 2894 praefectus
457 2812 564 2872 fuerat
584 2831 601 2870 e
624 2812 739 2871 uitum:
766 2813 849 2872 omni
869 2810 992 2870 ratione
1013 2807 1133 2868 bellum

136 2912 153 2953 a
176 2915 244 2954 eom
268 2913 360 2952 arare
383 2903 569 2974 coeperunt.
600 2832 664 2962 ⁴ded
684 2911 747 2951 non
762 2893 896 2951 multum
912 2886 1133 2971 proficiebant,

176 2915 267 3056 quod
283 2971 455 3032 multorum
485 2990 638 3030 annorum
663 2970 801 3050 tyrannis
828 2989 1011 3053 magnarum
1036 2986 1133 3047 opum

168 3049 359 3134 sputabatur.
399 3049 503 3137 Quam
530 3046 572 3108 ob
605 3069 730 3111 causam
758 3051 852 3144 pauci
880 3049 919 3110 ad
948 3047 1134 3108 societatem

135 3133 155 3197 3
177 3130 313 3212 periculi
332 3129 598 3210 perducebantur.
638 3129 706 3192 Sed
727 3132 843 3215 Dion,¹
858 3129 963 3192 fretus
981 3147 1046 3188 non
1069 3137 1133 3188 tam

144 3283 333 3315 ¹—ss

212 3431 222 3471 t
238 3353 278 3470 A8)
305 3349 408 3408 Daebn.
428 3349 502 3404 dedit
522 3356 552 3406 in
570 3357 685 3407 navias
713 3351 796 3407 codd.
816 3353 893 3406 Leid.
911 3353 940 3404 B.
958 3353 1037 3405 Vota.
1053 3349 1086 3404 Δ.
1105 3351 1134 3402 Β.

196 3440 210 3474 e
262 3438 286 3470 x.
306 3445 349 3464 -.
384 3454 386 3460 ,
634 3452 644 3460 -
