2524 3872
394 470 415 544 l·
429 470 624 539 intruens.
665 468 697 537 5.
716 460 743 533 d.
1014 463 1063 525 'm

105 631 249 694 militum.
288 630 399 714 ltaque
416 631 533 694 horum
554 632 693 694 adventu
717 631 829 693 decem
848 625 944 688 millia
967 645 1065 688 arma·

105 724 212 772 torum
227 711 385 792 completa
407 723 498 772 sunt:
521 733 602 795 quae
622 732 730 772 manus
753 708 889 769 mirabili
914 703 1066 788 flagrabat

104 789 265 871 pugnandi
286 809 326 849 cu
349 788 469 849 iditate.
500 790 574 878 Quo
590 790 709 850 factum
725 800 790 862 est,
810 787 950 866 utplus,
971 805 1067 868 quam
1088 805 1106 847 a

106 869 263 952 collegae,
283 811 442 927 Miltiades
458 869 602 929 valuerit.
631 868 709 926 Eius
730 866 919 927 auctoritate
939 863 1068 944 impulsi

106 946 317 1007 Athenienses
330 946 445 1026 ‘copias
465 967 505 1007 ex
525 947 607 1008 urhe
626 946 819 1016 eduxerunt,
839 945 978 1026 locoque
998 942 1068 1004 ido·

105 1043 168 1085 neo
189 1036 291 1084 castra
311 1023 468 1087 fecerunt.
509 1025 636 1087 Deinde
650 1039 782 1106 postero
801 1021 852 1084 dic
873 1021 931 1082 suh
952 1020 1107 1086 montis3

105 1101 283 1178 radicibus,
315 1104 382 1164 acie
405 1124 423 1164 e
446 1105 580 1187 regione
607 1105 779 1177 instructa,
808 1121 892 1163 nova
920 1113 1007 1176 arte,
1035 1100 1069 1162 vi
1162 1109 1164 1116 ’

106 1193 227 1242 summa
261 1181 419 1262 proelium
453 1183 688 1246 commiserunt.
748 1184 895 1264 Namque
935 1179 1067 1240 arbores

105 1260 213 1320 multis
233 1261 311 1320 locis
328 1274 418 1321 erant
433 1275 549 1323 stratae
564 1262 605 1342 l),
626 1263 690 1323 hoc
705 1261 856 1337 consilio,
876 1271 912 1318 ut
932 1270 966 1319 et
979 1279 1069 1319 mon·

105 1339 187 1398 tium
208 1350 399 1420 tegerentur
418 1341 601 1418 altitudine,
630 1353 663 1402 et
683 1339 835 1401 arborum
854 1349 959 1398 tractu
979 1336 1068 1418 equi·

104 1428 186 1478 tatus
201 1417 341 1480 hostium
356 1419 583 1516 impediretur,
604 1441 645 1480 ne
666 1418 869 1479 multitudine
882 1415 1069 1476 clauderen-

103 1505 169 1554 tur.
209 1497 318 1571 Datia,
351 1510 410 1558 etsr
435 1520 499 1561 non
526 1519 662 1581 aequum
691 1499 799 1559 locum
827 1493 957 1558 videbat
986 1493 1109 1570 aalma

104 1586 227 1650 tamen,
253 1574 358 1635 fretus
378 1599 512 1639 numero
535 1578 699 1658 copiarum
719 1597 864 1650 suarum,
893 1569 1069 1654 confligere

105 1651 271 1732 cupiebat:
297 1675 404 1736 eoque
426 1657 544 1738 magis,
589 1655 673 1731 uod,
699 1656 885 1738 priusquam
909 1655 1069 1713 Lacedae·

103 1732 201 1790 monii
221 1733 361 1793 subsidio
383 1737 546 1812 venirent,
567 1679 720 1794 dimicare
740 1734 819 1794 utile
844 1730 1068 1792 arbitrabatur.
1137 1731 1145 1748 '

102 1810 215 1892 Itaque
235 1811 267 1868 in
284 1811 384 1870 aciem
398 1813 543 1892 peditum
558 1825 696 1886 centum,
718 1813 862 1904 equitum
875 1809 987 1869 decem
1000 1808 1070 1866 mil-

102 1887 145 1950 lia
164 1887 333 1967 produxit,
361 1891 522 1967 proelium
546 1911 587 1950 ue
613 1889 778 1948 commisrt.
818 1891 853 1946 ln
886 1907 952 1968 quo
980 1887 1109 1948 tanto5

101 1964 177 2045 plus
197 1965 315 2025 virtute
338 1966 508 2030 valuerunt
524 1911 756 2038 dalmianus,
779 1978 816 2025 ut
836 1965 1068 2044 decemplicem

101 2062 272 2102 numerum
298 2043 437 2106 hostium
459 2043 678 2127 profligarint3
708 2045 856 2128 adeoque
882 2055 1068 2124 perterrue-

101 2133 194 2196 runt,
215 2132 251 2180 ut
270 2122 389 2183 Persae
403 2145 467 2185 non
481 2137 600 2195 castra,
623 2121 681 2184 sed
694 2145 791 2185 naves
811 2122 972 2204 petierint.
995 2119 1068 2206 Qua

100 2219 209 2280 pugna
228 2199 306 2260 nihil
328 2202 430 2264 adhuc
446 2215 496 2264 est
516 2202 663 2264 nobilius.
704 2203 798 2262 Nulla
818 2201 902 2262 enim
916 2221 1068 2285 umquam

101 2289 167 2340 tam
189 2278 303 2360 exigua
324 2302 434 2342 manus
454 2293 556 2344 tantas
583 2301 662 2362 opes
683 2280 870 2374 prostravit.

180 2356 234 2418 Vl.
262 2358 359 2418 Cuius
388 2361 541 2422 victoriae
565 2383 628 2421 non
651 2359 787 2422 ahenum
811 2360 942 2421 videtur
972 2359 1065 2440 quale
1091 2385 1103 2423 ,ι

100 2435 277 2528 praemium
292 2438 424 2500 Miltiadi
446 2441 487 2500 sit
506 2439 679 2515 tributum,
701 2439 839 2514 docere,
860 2458 925 2522 quo
941 2437 1067 2497 facilius

100 2512 203 2574 rntelli
227 2514 233 2528 '
255 2516 365 2593 possit,
388 2519 530 2578 eamdem
548 2517 687 2578 omnium
704 2517 865 2579 civitatum
887 2537 960 2576 csse
977 2527 1067 2575 natu-

97 2605 179 2651 ram.
233 2603 246 2649 t
262 2592 345 2651 euim
358 2615 401 2674 po
426 2597 472 2654 uli
488 2596 590 2656 nostri
601 2595 740 2655 honores
758 2595 918 2677 quondam
931 2593 1065 2655 fuerunt
1086 2611 1104 2653 a

99 2669 166 2728 rari
182 2681 216 2729 et
236 2681 357 2748 tenues,
378 2617 571 2754 oleamque
591 2693 716 2734 causam
737 2673 873 2756 gloriosi
878 2693 889 2748 ;
907 2693 993 2732 nanc
1012 2695 1065 2732 au·

100 2759 168 2808 tem
188 2746 285 2808 effusi
305 2761 400 2833 atque
419 2751 573 2812 obsoleti:
595 2753 640 2812 sic
657 2752 733 2812 olim
754 2750 838 2832 apud
853 2749 1064 2820 Athenienses
1089 2815 1093 2821 ,

98 2826 202 2888 fuisse
222 2829 413 2908 reperimus.
453 2832 597 2922 Namque
618 2830 693 2890 huic
713 2829 863 2905 Miltiadi,
887 2829 943 2912 qui
965 2830 1064 2890 Athe·
1085 2827 1104 2892 3

99 2924 156 2965 nas
172 2916 336 3000 totamque
351 2909 519 2968 Graeciam
533 2907 702 2986 lrherarat,
723 2910 794 2969 talis
808 2909 910 2969 honos
926 2909 1065 2969 tributus

100 2994 151 3042 eat
165 2983 198 3041 in
211 2997 357 3066 portrcu,
379 3007 464 3069 quae
478 2986 608 3047 Poecile
620 2985 650 3068 7)
669 3001 821 3064 vocatur,
843 3009 940 3070 quum
957 3009 1066 3070 pugna

99 3061 332 3148 depingeretur
357 3066 573 3148 Marathonia,
598 3077 635 3130 ut
660 3067 695 3128 iu
729 3068 842 3132 decem
875 3080 1067 3156 praetorum

97 3196 277 3217 Μ

166 3298 196 3368 6)
224 3302 337 3355 Plurimi
358 3303 438 3358 codd.
466 3313 493 3358 et
512 3305 575 3358 cdd.
597 3322 698 3368 rarca,·
722 3313 843 3358 nostram
866 3310 930 3360 leet.
955 3312 1065 3358 tuentur

98 3364 183 3417 codd.
201 3369 250 3418 Ax.
268 3371 345 3423 Leid.
364 3383 392 3423 ct
410 3390 501 3426 omnes
520 3375 577 3426 lere
592 3383 707 3428 recentt.
727 3375 760 3426 cl.
782 3375 852 3425 Stav.

169 3433 195 3502 7)
224 3435 330 3490 Bremio
349 3451 495 3507 praeeunte
520 3445 684 3494 recentiores
703 3440 814 3492 Graccis
836 3449 948 3497 utuntur
969 3440 1064 3499 literis,
1105 3443 1106 3446 ’

98 3499 250 3580 Ποικίλη,
271 3514 300 3558 et
318 3506 371 3560 hoc
389 3509 454 3560 loco
473 3518 501 3561 et
518 3511 551 3562 al.
569 3511 603 3564 al.
621 3510 668 3564 ed.
683 3509 760 3562 lleid.
