2564 3872
446 405 543 471 xvc.
566 425 757 472 sensisses·
775 413 805 477 ὃ.
1065 436 1119 478 ror

166 561 417 630 deformitatem:
437 583 467 632 at
513 593 531 633 e
551 573 669 656 ignoti,
688 565 805 634 faciem
826 572 893 631 eius
908 591 1007 654 quum
1021 573 1123 636 intue-

164 655 292 719 rentur,
317 595 576 728 contemnebam
597 651 653 734 qui
674 662 780 713 autem
801 651 935 713 virtutes
956 665 1124 730 noverant,

161 747 226 788 non
257 743 406 812 poterant
433 731 583 800 admirari
615 731 699 801 satis.
743 730 841 819 Quod
873 729 903 793 ei
930 749 989 792 usu
1018 733 1161 810 venit,e

162 828 259 890 quum
274 832 429 871 annorum
444 812 606 892 octoginta
622 810 764 873 subsidio
776 811 885 872 Tacho
900 808 931 870 in
941 813 1123 896 Aegyptum

161 887 257 962 isset,
279 900 312 950 et
332 891 364 950 in
385 903 455 952 acta
469 910 540 951 curn
553 890 617 950 suis
634 891 835 952 accubuisset
848 891 915 950 sine
932 891 998 952 ullo
1013 904 1120 969 tectos

162 977 363 1051 stratumque
389 969 524 1032 haberet
551 970 632 1047 tale,
659 980 695 1032 nt
717 981 805 1032 terra
824 981 909 1030 tecta
931 982 1015 1032 esset
1041 985 1123 1034 stra·

160 1049 291 1125 mentis,
314 1071 419 1136 neque
440 1050 503 1110 hue
525 1050 677 1132 amplius,
701 1072 796 1135 quam
819 1047 913 1131 pellis
937 1061 1023 1111 esset
1043 1051 1120 1130 inie-

159 1135 230 1202 cta,
260 1131 442 1214 eodemque
470 1131 604 1191 comites
625 1149 735 1192 omncs
761 1127 982 1192 accubuissent
1002 1128 1122 1196 vestitu

158 1205 269 1270 humili
289 1223 383 1294 atque
406 1209 571 1286 obsoleto,
595 1221 632 1270 ut
652 1231 765 1272 eorum
784 1219 914 1282 ornatus
939 1230 1002 1270 non
1022 1211 1120 1274 modo

158 1285 190 1346 in
211 1288 258 1350 his
280 1311 392 1384 regern
412 1290 571 1357 nerninem
585 1287 797 1372 signiticaret,
819 1287 876 1358 sed
900 1287 1034 1370 hominis
1057 1311 1121 1358 non

158 1367 331 1431 beatissimr
355 1371 568 1452 suspicionem
589 1372 774 1452 praeberet,
798 1369 900 1434 Huius
917 1367 959 1434 de
981 1367 1160 1437 adventet

159 1445 241 1508 saura
255 1473 352 1544 quum
370 1451 410 1512 ad
432 1452 539 1537 regios
554 1461 640 1511 esset
653 1453 793 1533 perlata,
814 1448 966 1510 celeriter
988 1469 1120 1512 munere

159 1547 373 1615 securusque
402 1531 528 1614 generis
558 1543 629 1592 sunt
658 1531 759 1592 allata.
800 1530 859 1592 His
889 1527 1119 1612 quaerentibus

158 1607 340 1690 Agesilaum
354 1611 407 1671 vix
427 1609 505 1670 tides
527 1609 611 1672 facta
632 1623 697 1684 est,
718 1633 816 1670 unum
832 1628 903 1672 esse
920 1629 959 1668 ex
974 1605 1038 1684 his,
1062 1607 1121 1692 qui

156 1699 224 1747 turn
246 1690 451 1752 accubabant.
482 1689 548 1770 Qui
570 1711 668 1770 quum
689 1691 775 1770 regis
793 1685 912 1762 verbis,
934 1708 1015 1768 quae
1037 1692 1160 1759 cuttu-I}

156 1767 279 1844 lerant,
302 1769 481 1843 dedissent,
504 1768 558 1828 ille
579 1779 711 1850 praeter
733 1769 865 1834 vitulina
888 1778 919 1826 et
938 1765 1121 1832 huiusmodi

157 1865 277 1926 genera
302 1848 446 1928 opsonii,
471 1866 552 1930 quae
575 1866 726 1930 praesens
750 1857 877 1926 tempus
900 1843 1120 1920 desiderabat,

143 1924 233 1988 ‘nihii
247 1927 387 2007 accepit3
407 1937 585 2008 unguenta,
604 1944 757 2000 corones,
774 1922 1010 2003 secundamque
1031 1943 1118 1984 rnen·

156 2024 220 2064 sam
238 2007 339 2066 servis
355 2005 515 2086 dispertiit
521 2026 530 2082 3
548 2017 656 2066 cetera
675 2003 797 2064 referri
812 2001 910 2062 iussit.
936 2001 1011 2094 Quo
1029 2001 1117 2064 sacto
1139 1999 1160 2063 ⁵

157 2103 230 2144 enm
251 2084 378 2147 barbari
402 2086 499 2168 magis
525 2086 619 2146 etiam
644 2093 899 2159 contemserunt,
928 2081 1017 2166 quod
1045 2103 1120 2144 eum

145 2163 333 2246 'ignorantia
358 2166 514 2228 bonarum
538 2185 648 2226 rerum
673 2163 725 2224 issa
749 2162 948 2244 potissimum
969 2163 1118 2224 sumsisse

157 2245 399 2307 arbitrabantur.
442 2246 503 2306 Hic
530 2266 628 2328 quum
653 2267 693 2306 ex
714 2245 862 2325 Aegypto
883 2254 1117 2318 reverteretur,
1139 2237 1160 2304 6

157 2324 290 2386 donatus
313 2348 330 2386 a
351 2347 430 2406 rege
449 2325 664 2386 Nectanabide
685 2323 828 2384 ducentis
851 2321 961 2404 viginti
980 2323 1118 2397 talentis,

157 2425 240 2486 quae
262 2405 317 2467 ille
340 2406 463 2480 muneri
487 2406 609 2486 populo
635 2426 693 2466 suo
721 2404 832 2477 daret,
860 2401 1064 2483 venissetque
1085 2401 1118 2462 in

157 2496 304 2564 portum,
336 2486 392 2568 qui
411 2487 546 2545 Menelai
574 2497 709 2546 vocatur
738 2483 843 2543 iacens
867 2479 951 2540 inter
976 2483 1116 2560 Cyrenas

157 2575 191 2622 et
218 2564 410 2657 Aegyptum,
441 2565 473 2624 in
500 2563 648 2624 morbum
677 2561 850 2656 impiicitus
881 2559 1028 2620 decessit.
1069 2558 1159 2639 lni7

158 2661 231 2702 eum
255 2645 363 2718 amici,
392 2664 456 2726 quo
481 2641 502 2701 S
527 2654 626 2704 artam
650 2643 774 2704 facibus
799 2636 948 2720 perferre
973 2651 1116 2722 possent,

157 2721 245 2806 quod
265 2723 329 2784 mel
349 2745 412 2785 nen
428 2663 603 2800 habebant,
624 2743 699 2786 cers
711 2715 1004 2796 circumfuderunt,
1021 2729 1117 2803 atque

155 2803 199 2862 ita
217 2801 347 2864 domum
365 2802 563 2865 retulerunt:

506 2995 756 3016 ”rb-‘m
