2564 3872
71 407 74 414 ·
146 388 203 454 136
252 367 254 374 Α
462 385 576 454 xx1v.
597 403 694 450 caro.
717 382 803 450 s-S-
877 465 882 474 ι

142 547 275 626 denam,
302 565 368 632 quo
400 543 518 608 cecidit
544 543 745 624 Hasdrubal,
777 544 879 606 frater
906 542 1100 610 Hannibalis.

102 631 122 694 3
144 625 308 717 Quaestor
328 623 445 706 obtigit
458 625 497 686 P.
514 623 683 704 Africano,
704 623 844 701 consuli,
864 643 937 685 cum
951 644 1017 706 quo
1036 643 1101 688 non

141 725 204 788 pro
230 705 325 766 sortis
345 703 576 764 necessitudine
593 704 685 764 vixit:
706 721 843 800 namque
864 701 903 763 ab
924 721 964 762 eo
984 724 1100 786 perpe·

139 795 195 845 tua
219 782 367 844 dissensit
389 781 462 844 rita.
502 782 624 843 Aedilis
648 781 751 864 plebis
775 783 878 842 lactus
899 791 948 842 est
972 801 1043 843 cum
1063 786 1099 846 C.

100 863 270 939 allelvio.
310 864 449 922 Praetor
468 860 666 942 provinciam
688 861 824 922 obtinuit
843 859 1032 937 Sardiniam,
1060 880 1100 924 ex

140 962 204 1108 δια
229 952 381 1023 quaestor
400 940 570 1021 superiore
591 951 738 1024 tempore
757 959 798 1000 ex
810 937 923 1005 Africa
943 938 1100 1001 decedens

213 1020 348 1080 Ennium
377 1022 506 1100 poetam
536 1017 728 1080 deduxerat:
757 1017 847 1112 quod
876 1037 940 1078 non
968 1017 1099 1080 minoris

141 1099 375 1174 existimamus,
393 1118 487 1180 quam
497 1096 671 1181 quemlibet
685 1097 910 1182 amplissimum
922 1093 1103 1159 sardiniam

139 1197 207 1240 sem
230 1175 437 1256 triumphum.

217 1254 256 1320 11.
288 1254 494 1316 Consulatum
522 1255 619 1337 gessit
647 1275 719 1318 cum
746 1256 783 1318 L.
802 1253 933 1319 Valerio
960 1251 1098 1332 Flacco,
1169 1296 1172 1302 ·

139 1345 228 1396 sorte
254 1332 450 1415 provinciam
476 1347 585 1401 nactus
609 1334 791 1416 Hispaniam
816 1333 1018 1410 citeriorem,
1044 1351 1100 1393 ex·

100 1433 118 1476 s
140 1432 205 1496 que
220 1431 258 1473 ea
271 1412 365 1472 trium
390 1410 467 1470 bum
487 1412 679 1492 deportarit.
706 1413 752 1474 lbi
774 1433 872 1498 quum
893 1410 1011 1472 diutius
1030 1429 1101 1471 mo·

128 1504 283 1569 caretur,
304 1489 342 1551 P.
362 1431 415 1549 gei
439 1489 470 1550 io
492 1491 680 1567 Africanus,
709 1494 827 1552 Consul
845 1492 981 1566 iterum,
1008 1489 1099 1550 cuius

137 1570 170 1629 in
189 1570 302 1654 priore
327 1587 402 1628 coos
439 1579 491 1628 atu
515 1581 668 1654 quaestor
689 1569 813 1649 fuerat,
839 1569 945 1633 voluit
964 1587 1038 1630 eum
1057 1566 1100 1630 de

160 1649 303 1709 rovincia
331 1646 516 1728 depellere,
544 1660 577 1709 et
603 1649 672 1730 ipse
701 1649 731 1710 ci
758 1648 945 1710 succedere.
986 1649 1100 1731 Neque

136 1667 199 1789 boc
213 1747 273 1808 per
288 1737 430 1785 senatum
446 1725 581 1789 efficere
619 1727 718 1804 otuit,
733 1749 833 1812 quum
892 1725 977 1786 idern
991 1725 1100 1808 Scipio

23 1810 26 1814 ’
136 1804 170 1865 in
190 1805 319 1866 civitate
341 1805 555 1898 principatum
575 1750 754 1868 obtineret:
778 1749 950 1890 quodbum
965 1824 1029 1864 non
1041 1825 1101 1886 po·

11 1953 15 1961 p
137 1884 253 1962 tentia,
273 1882 414 1946 sedrure
434 1884 615 1968 respublica
639 1885 924 1950 administrabatur.
966 1883 1040 1972 Qua
1061 1903 1101 1944 ex

57 1993 61 1998 ·
137 1983 174 2026 re
200 1964 299 2024 iratus
322 1975 434 2024 senatu
458 1960 508 2043 ⁷),
523 1965 703 2026 'consulatu
728 1976 877 2048 peracto,
905 1965 1048 2046 privatus
1068 1963 1101 2024 in

96 2041 219 2108 turbe
240 2042 362 2102 mansit.
403 2043 447 2102 At
475 2046 575 2120 Cato,
602 2063 717 2104 censor
743 2063 817 2108 cum
842 2043 958 2106 eodem
979 2041 1102 2103 Flacco

137 2119 261 2196 factus,
292 2139 407 2181 severe
432 2120 574 2201 praefuit
602 2122 633 2182 ei
662 2123 820 2204 potestati.
860 2121 993 2202 Namin
1015 2139 1101 2182 conr·

137 2198 249 2280 plnres
269 2198 395 2259 nobiles
423 2198 660 2274 animadvertit,
686 2213 720 2262 et
739 2201 852 2262 multas
875 2221 928 2262 res
947 2218 1046 2264 novas
1066 2199 1100 2259 in

138 2277 277 2336 edictum
298 2276 436 2350 addidit,
457 2298 518 2358 qua
539 2298 576 2338 re
597 2279 721 2340 luxuria
741 2281 994 2360 reprimeretur,
1016 2297 1100 2360 quae

98 2353 200 2428 tiam
222 2366 290 2420 tum
318 2352 489 2432 incipiebat
510 2357 680 2434 pullulare.
723 2357 861 2420 Circiter
888 2377 985 2419 annos
1013 2368 1100 2417 octo·

139 2431 225 2515 ginta
240 2429 283 2511 ⁸),
307 2451 409 2515 usque
424 2430 464 2490 ad
478 2445 652 2496 extremam
673 2447 810 2498 aetatem
823 2437 862 2496 ab
878 2435 1101 2510 adolescentia,

92 2530 96 2534 ’
139 2511 219 2592 reip.
242 2529 341 2576 causa
356 2507 519 2590 suscipere
540 2512 791 2576 inimicitiasnon
813 2514 943 2578 destitit.
970 2513 1100 2576 Amul·

138 2590 180 2650 tis
208 2600 347 2650 tentatus
373 2607 438 2648 non
468 2589 566 2654 modo
590 2593 712 2658 nullum
743 2593 968 2654 detrimentum
995 2592 1100 2652 existi·

127 2667 283 2760 ‘orationis
316 2665 413 2744 fecit,
442 2669 518 2748 sed,
550 2673 671 2757 quoad
690 2671 787 2748 vixit,
815 2671 971 2735 virtutum
1005 2669 1099 2730 lande

137 2759 248 2809 crevit.

106 2871 118 2882 ,,
215 2827 268 2886 lll.
299 2827 335 2886 ln
362 2825 509 2886 omnibus
539 2823 638 2886 rebus
665 2827 816 2911 singulari
843 2825 907 2888 fuit
929 2825 1100 2908 prudentia

138 2914 172 2966 st
200 2904 364 2966 industria.
404 2905 484 2964 Nam
511 2916 546 2964 et
575 2905 714 2988 agricola
742 2907 876 2984 sollers,
904 2917 937 2968 et
961 2905 1099 2987 reipubl.

106 3039 293 3058 m-

185 3115 213 3184 7)
231 3115 268 3164 itu
286 3111 382 3179 codd.;
401 3114 482 3182 vulgo
497 3114 617 3175 senatui,
635 3123 661 3165 at
678 3131 702 3166 r.
718 3113 760 3168 ed.
776 3113 853 3166 lieid.
872 3142 906 3157 -
923 3131 991 3183 quae
1009 3117 1099 3183 sequi-

134 3189 179 3246 tur
204 3199 273 3244 sor,
294 3181 461 3243 corraulatu,
494 3179 611 3232 debetur
639 3183 709 3233 Bosii
733 3181 915 3234 coniecturae.
943 3181 1045 3232 Giiotb.
1068 3199 1100 3234 ex

134 3250 251 3300 coniect.
267 3249 348 3298 ileos.
368 3247 458 3300 dedit:
479 3249 590 3298 senatres·
603 3259 670 3316 post
690 3248 873 3300 comulatam.
894 3250 995 3300 Cellar.
1013 3249 1099 3300 liickl.

135 3317 227 3365 iratus
243 3314 392 3366 cornaleto
402 3324 526 3382 peracto.
545 3343 579 3355 -
592 3313 621 3382 8)
640 3314 707 3366 baec
719 3314 864 3367 vocabula:
882 3317 995 3365 circiter
1008 3331 1099 3365 onnos

135 3382 292 3499 optogsistq,
317 3383 396 3450 vulgo
422 3389 452 3432 ut
475 3389 599 3448 suspects
625 3381 660 3432 ab
685 3381 836 3434 editoribus
853 3381 1046 3446 includuntur,
1072 3389 1100 3432 st

133 3464 168 3498 c.
215 3449 262 3498 iint
282 3487 291 3501 .
