2564 3872
181 412 238 476 150
457 403 557 464 XXV.
582 421 728 462 taracus.
753 401 797 460 15.
823 398 868 461 16.

181 569 285 638 leutu,
305 577 411 624 utrum
434 581 506 622 eatan
528 559 617 620 amici
642 559 740 640 magis
765 569 973 632 vererentur,
995 581 1032 618 an
1053 565 1137 616 ama'·

180 655 262 710 rent.
303 642 386 720 Quid
413 640 467 700 nid
503 639 695 721 rogabatur,
726 637 876 718 religiose
910 636 1136 718 promittebat:

144 759 148 772 ι
181 724 268 810 quod
288 745 350 782 non
370 664 527 796 liberalis,
548 718 605 778 sed
625 719 704 779 levis
726 716 955 792 arbitrabatur,
977 718 1137 797 polliceri,

141 826 159 866 n
181 802 269 887 quod
288 813 451 882 praestare
471 819 535 860 non
554 809 672 878 posset.
714 798 800 859 Idem
821 798 852 858 in
876 798 1022 872 nitendo,
1047 797 1136 880 quod

181 881 280 943 semol
304 879 462 940 annuisset
485 877 533 957 ⁵),
555 888 640 936 tanta
662 890 729 939 erat
754 897 847 953 cura,
871 888 989 938 utnon
1010 876 1136 940 mauda-

180 973 262 1038 ttttn‚
296 958 354 1022 sed
388 979 476 1018 suem
502 977 570 1018 rem
609 956 772 1018 videretur
807 976 913 1037 agere,
956 958 1137 1038 Numquam

181 1039 321 1132 suscepti
341 1037 462 1119 nogotii
482 1057 555 1100 eum
575 1047 756 1117 pertaesum
778 1047 834 1096 est.
864 1036 957 1096 Suam
980 1035 1062 1096 enim
1084 1055 1138 1095 ex·

180 1118 398 1179 istimationem
421 1116 453 1175 in
473 1137 511 1176 ea
530 1137 567 1176 re
583 1116 634 1196 agi
654 1114 801 1197 putabat:
823 1135 884 1198 qua
901 1116 977 1175 nihil
997 1113 1139 1175 babebat

140 1201 160 1264 3
181 1198 296 1258 carius.
318 1196 393 1291 Quo
410 1193 525 1271 fiebat,
545 1207 581 1255 ut
602 1195 705 1256 onmia
723 1195 929 1270 Ciceronum,
951 1195 1078 1255 Catonis
1094 1195 1137 1272 θ’),

183 1275 363 1348 Hortensii,
383 1274 457 1334 Auli
473 1273 644 1358 Torquati,
665 1275 837 1334 multorum
859 1286 1027 1356 praeterea
1048 1275 1138 1354 equi-

181 1367 249 1416 turn
269 1356 484 1414 Romanorum
509 1355 637 1435 negotia
655 1365 857 1436 procuraret.
898 1356 946 1412 Ex
968 1371 1032 1436 quo
1057 1353 1138 1412 iudi-

153 1469 157 1480 ·
184 1433 248 1496 cari
268 1445 411 1515 poterat,
435 1453 499 1493 non
520 1433 649 1509 inertia,
675 1433 732 1494 sed
752 1431 868 1493 iudicio
889 1433 1010 1515 fugisse
1031 1432 1139 1512 reipu-

182 1513 284 1574 blicae
327 1511 568 1574 rocurationena.
711 1537 714 1540 ·

261 1593 290 1651 X
324 1594 346 1659 1,
382 1590 591 1654 Humanitatis
625 1609 706 1652 vero
736 1589 855 1651 nullum
893 1589 1011 1652 afferre
1038 1591 1139 1651 maius

183 1669 398 1732 testimonium
442 1690 571 1750 ussum,
600 1685 694 1754 quatu
725 1669 812 1754 quod
842 1670 1027 1730 adolescens
1054 1669 1140 1732 idem

184 1749 252 1810 aeni
274 1746 381 1810 Sullae
409 1689 508 1812 liierit
536 1749 792 1825 iucundissimus,
819 1769 915 1809 senex
944 1748 1141 1810 adolescenti

183 1829 225 1890 lt.
247 1831 367 1906 Baut03
392 1849 463 1890 cunt
484 1828 667 1914 aequalibus
686 1840 791 1888 autem
806 1827 887 1903 suis,
910 1828 950 1917 Q.
965 1830 1141 1892 Hortensio

184 1920 218 1971 et
236 1909 278 1969 Μ.
300 1908 473 1985 Cicerone,
495 1908 540 1970 alc
564 1909 696 1983 vixerit,
716 1919 752 1969 ut
773 1907 914 1968 iudicare
936 1905 1068 1966 dil'licile
1090 1909 1142 1986 sit,

145 1987 238 2048 acui
258 1987 350 2048 aetati
373 1987 472 2049 luerit
498 1987 684 2070 aptissimus.
724 1987 922 2071 Quamquam
951 2007 1022 2046 eum
1073 2008 1143 2048 rae·

184 2065 278 2146 cipue
301 2065 411 2127 dilexit
432 2067 565 2143 Cicero,
592 2077 629 2126 ut
649 2086 689 2126 no
711 2064 813 2126 frater
838 2065 967 2147 quidem
989 2065 1019 2126 ei
1040 2007 1142 2206 Quin.

144 2145 164 2208 3
184 2154 234 2203 tus
252 2145 356 2206 carior
376 2145 477 2207 suerit
493 2156 547 2206 aut
564 2144 760 2212 familiarior.
791 2144 831 2205 Ei
851 2146 899 2205 rei
920 2156 993 2208 sunt
1013 2145 1044 2204 in
1067 2147 1143 2223 icio,

183 2234 313 2304 praeter
332 2243 387 2286 eos
407 2225 525 2300 libros,
545 2223 707 2309 inquibus
728 2223 768 2286 de
790 2243 829 2284 eo
847 2224 1141 2302 laniamentionem,

185 2301 292 2385 quiin
314 2302 426 2383 vulgus
449 2314 522 2362 sunt
544 2299 573 2380 7)
597 2303 692 2372 oditi,
715 2303 874 2368 sexdecim
897 2304 1054 2365 volumina
1075 2307 1142 2386 epi·

184 2379 347 2456 stolarum,
369 2379 407 2440 ab
424 2381 589 2440 consulatu
604 2381 670 2440 eius
692 2401 792 2466 usquc
811 2382 849 2443 ad
865 2395 1041 2444 extremum
1062 2396 1143 2444 tem-

183 2479 243 2542 pus
265 2457 305 2520 ad
325 2458 465 2519 Atticum
486 2458 666 2519 usissatmm:
689 2481 769 2543 quae
793 2462 847 2545 qui
861 2463 964 2543 legat,
985 2481 1048 2522 non
1063 2464 1142 2522 mul·

183 2549 252 2598 tum
265 2536 427 2598 desideret
441 2537 603 2598 historiam
619 2551 796 2605 contextam
811 2542 939 2601 illorum
951 2551 1141 2633 temporum.

144 2616 240 2688 48ἰο
268 2616 351 2678 enim
378 2617 483 2696 omnia
517 2617 570 2679 de*
593 2618 705 2678 studiis
742 2619 938 2701 principum,
972 2620 1055 2680 vitris
1071 2621 1143 2681 ‘du-

185 2714 273 2774 cum,
315 2697 539 2760 mutationibus
577 2697 713 2778 reipubl.
750 2699 927 2790 perscripta
966 2711 1056 2774 sunt,
1106 2712 1144 2760 ut

184 2773 262 2837 nihil
282 2774 314 2836 in
334 2775 371 2838 iis
391 2799 455 2839 non
478 2801 495 2838 a
519 2789 643 2856 pareat,
667 2789 700 2842 et
721 2775 814 2844 facile
835 2777 1007 2844 euastimari
1031 2779 1143 2858 possit,

185 2853 385 2932 prudentiam
415 2879 479 2940 quo
505 2855 649 2916 ammodo
686 2875 755 2916 esse
793 2856 1026 2930 divinationem.
1071 2861 1142 2918 Non

186 2930 269 2992 enim
305 2935 419 2999 Cicero
462 2953 506 2997 ca·
524 2935 645 3012 solum,
672 2955 754 3018 quae
781 2934 856 2998 vivo
871 2955 918 2996 se
945 2935 1142 3015 acciderunt,

184 3065 388 3137 ’.ἡ

231 3197 258 3264 5)
279 3200 314 3250 ita
333 3199 412 3250 codd.
435 3200 489 3251 Gil.
507 3198 582 3250 Leid.
601 3197 633 3248 A.
653 3198 730 3250 Voss.
750 3199 780 3248 A.
801 3199 831 3249 C.
858 3227 891 3239 -
920 3199 955 3248 nl.
976 3197 1141 3258 adnrt'sa'sset.

180 3293 213 3304 -
238 3265 266 3332 6)
284 3269 362 3330 vulgo
382 3277 442 3333 post
464 3283 561 3316 nomen
581 3265 694 3320 Catorta's
712 3265 837 3322 additur:
867 3267 980 3326 Μανῆ,
998 3269 1049 3336 Q„
1067 3264 1142 3332 quod

170 3335 232 3384 *iam
250 3334 342 3383 Lamb.
362 3335 460 3383 omisit.
481 3334 516 3382 cs.
535 3331 635 3383 Daebn.

193 3422 205 3454 .·
227 3400 254 3466 7)
282 3403 360 3466 vulgo
383 3403 556 3467 praemittunt
582 3400 650 3462 iana,
675 3397 748 3465 quod
765 3415 820 3450 non
838 3409 878 3452 est
894 3401 921 3450 in
941 3397 1004 3450 cod.
1022 3396 1141 3464 Guelpb.

182 3476 208 3518 el
227 3467 291 3534 qdd.
309 3474 370 3516 volt.
389 3466 449 3516 edd.
