2564 3872
416 409 518 476 xvh.
542 423 734 480 secernens.
759 425 783 465 ι.
1044 405 1085 488 φ

117 577 182 636 iam
201 572 368 634 inclinatae
389 579 481 632 erant
503 579 712 649 tyrannorum
735 563 858 646 copiae.
896 561 976 704 ῼιιο
995 562 1125 628 raotoe

119 673 230 716 omues
257 651 441 714 Thessaliae
481 648 626 712 civitates
658 645 865 706 interfectum
924 643 1086 726 elopidara

118 733 250 796 coronis
265 730 370 809 aureis
386 739 420 790 et
434 727 544 790 statuis
558 725 682 804 aeneia,
696 725 885 806 liberosque
899 726 970 787 ciue
983 725 1085 788 maalle

119 829 201 894 agro
223 811 388 872 donarunt.
849 817 862 830 ⁸

518 971 719 990 Ἀ

561 1099 660 1168 xvn.

444 1224 794 1292 AGESILAUS.

578 1365 656 1382 ἡ

480 1465 738 1518 anemurum.

178 1597 245 1668 Cap.
263 1599 286 1651 1.
302 1599 440 1668 Agesilaus
455 1617 517 1653 cum
535 1601 625 1652 fratris
641 1599 700 1651 lilio
719 1599 754 1651 de
768 1596 873 1650 honore
885 1599 961 1668 regni
975 1607 1087 1656 conten·

102 1661 179 1732 dit,
198 1669 335 1736 Lysandro
352 1670 513 1734 suffragante
532 1683 580 1718 rex
594 1667 730 1732 deligitur.
749 1693 784 1706 -
802 1667 835 1716 II.
853 1667 896 1716 nd
912 1669 1015 1720 bellum
1026 1686 1089 1722 cum
1116 1690 1119 1696 ¹

124 1735 274 1788 Artaxerxe
291 1753 354 1801 rege
373 1735 519 1802 gerendum
538 1737 565 1783 in
581 1735 671 1782 Asiam
685 1733 801 1782 mittitur
819 1731 882 1797 (396
896 1751 919 1785 a.
934 1735 983 1786 Ch.
996 1736 1045 1804 m).
1055 1766 1090 1778 —

124 1803 172 1856 III.
192 1804 258 1853 Rem
277 1805 305 1852 iu
322 1803 385 1852 Asia
404 1805 441 1850 ita
459 1803 537 1867 gerit,
555 1805 585 1850 ut
601 1800 693 1866 quovis
712 1799 857 1850 certamine
869 1802 955 1852 victor
969 1801 1090 1854 excedat.

124 1897 160 1910 -
177 1870 223 1919 IV.
236 1871 353 1920 Domum
365 1877 505 1918 revocatus
517 1868 643 1918 Boeotios
656 1881 804 1931 eorumque
819 1867 909 1916 socios
921 1871 992 1933 gravi
1005 1885 1090 1936 prce·

124 1939 165 1988 lio
183 1936 256 2002 apud
270 1937 423 1984 Coroneam
440 1935 521 1984 vincit
543 1931 607 2000 (394
622 1950 646 1984 a.
660 1931 723 1981 Chr.
741 1931 780 2000 n.)
796 1957 830 1970 -
847 1932 882 1982 V.
900 1934 976 1984 Bello
993 1936 1091 1984 Corin·

125 2003 185 2054 thio
197 2004 285 2052 victor
296 2003 501 2052 commiseratus·
511 2000 647 2050 iomanem
659 1998 801 2050 Graeciae.
813 2025 845 2038 -
857 1999 905 2050 VI.
921 2000 963 2050 Ad
975 2018 1093 2069 pugnem

127 2070 300 2122 Leuctricam
320 2069 468 2119 exercitum
488 2067 587 2126 ducere
605 2075 721 2120 recusat.
747 2069 813 2118 Post
825 2064 894 2119 hanc
909 2084 1026 2137 pugnans
1041 2085 1092 2120 sno

126 2142 214 2189 servat
230 2136 344 2187 consilio
359 2137 491 2203 Spartam.
511 2165 544 2176 -
563 2135 622 2188 VII.
641 2137 702 2202 Ipse
720 2150 846 2204 parvare
862 2136 1009 2188 domestica
1024 2154 1091 2188 con-

126 2213 235 2268 tentus,
260 2203 464 2272 quibuscunque
481 2205 564 2256 rebus
585 2211 694 2274 potest,
722 2204 836 2271 patriam
854 2205 933 2254 iuvat.
957 2229 992 2243 -
1019 2205 1091 2256 VIII.

128 2272 218 2321 Animi
236 2271 377 2322 virtutibus
404 2274 531 2338 excellit,
554 2273 704 2325 maleficam
728 2279 821 2321 nactus
839 2281 962 2322 naturam
984 2271 1011 2322 in
1032 2289 1094 2324 cor·
1115 2274 1121 2279 ”

129 2355 197 2407 pore
219 2336 356 2404 fingendo.
391 2341 469 2392 Vitae
497 2341 578 2390 ratio.
612 2342 652 2392 Ex
671 2340 795 2408 Aegypto
819 2340 906 2392 redux
930 2341 957 2391 in
978 2341 1094 2392 Menelai

129 2413 210 2474 portu
228 2407 351 2460 moritur.
369 2406 432 2475 (361
455 2425 479 2460 e.
498 2407 561 2460 Chr.
581 2407 630 2478 m).

208 2551 234 2607 1.
263 2549 471 2626 Acesinus,
498 2552 785 2631 Lacedaemonius,
816 2574 915 2636 quum
937 2575 954 2614 a
976 2553 1093 2616 ceteris
1117 2578 1130 2615 1

130 2625 366 2708 scriptoribus,
396 2637 464 2688 tum
493 2631 609 2690 eximie
643 2653 661 2691 a
687 2631 903 2712 Xenophonte
930 2633 1095 2694 Socratico

131 2705 331 2770 collaudatus
351 2716 418 2781 eet3
438 2725 477 2767 eo
493 2707 575 2768 enim
589 2729 665 2770 usus
687 2723 736 2770 est
755 2711 1007 2772 familiarissime.
1031 2713 1094 2773 Hic
1115 2729 1134 2774 a

131 2785 270 2924 primum
290 2783 332 2844 de
355 2804 458 2866 reguo
479 2803 551 2846 uum
571 2787 786 2867 Leotychide,
807 2787 916 2848 fratris
936 2787 1020 2865 lilio,
1040 2789 1096 2850 he·

154 2865 203 2924 uit
223 2863 471 2924 contentionem.
503 2866 573 2926 Mos
595 2878 646 2926 est
666 2867 750 2926 enim
770 2889 788 2927 a
805 2865 978 2927 maioribus
997 2872 1096 2928 Lace·

133 2943 307 3018 daemoniis
328 2942 487 3020 traditus,
507 2953 544 3002 ut
565 2943 646 3006 duee
666 2944 823 3006 haberent
842 2965 970 3026 semper
990 2966 1097 3040 reges,

133 3022 260 3084 nomine
290 3041 340 3081 ma
363 3022 408 3098 is,
484 3043 534 3082 am
559 3022 716 3104 imperio,
748 3043 788 3084 ex
819 3023 941 3084 duabus
968 3025 1095 3086 l'amrliie

133 3085 245 3162 l'rocli
274 3111 307 3160 et
362 3111 451 3180 uryst
475 3100 558 3178 enit,
594 3101 650 3183 qui
679 3101 842 3182 priucipee
875 3121 914 3163 ex
939 3123 1001 3184 pro
1024 3105 1095 3164 enie

134 3179 284 3240 Herculis
304 3179 437 3260 Spartae
459 3199 555 3264 reges
568 3177 710 3242 fuerunt.
743 3181 870 3242 Horum
888 3179 916 3260 ¹)
938 3201 979 3243 ex
995 3123 1096 3242 ἕπου
1114 3181 1135 3244 3

142 3330 319 3348 m

141 3428 148 3442 ¹
192 3433 201 3468 ι
240 3418 277 3470 ila
298 3415 381 3470 codd.
404 3412 485 3468 Voss.
503 3417 536 3472 Δ.
561 3417 590 3472 Ba
609 3416 752 3472 An.teid.
771 3416 801 3476 B.
826 3443 860 3460 -·
894 3418 927 3469 al.
946 3417 1044 3470 harum
1062 3418 1096 3472 cl.

136 3417 233 3546 nol.
