2524 3872
507 351 544 408 X.
566 369 657 412 arou.
682 355 711 414 5.
732 354 761 414 lt.
1079 352 1118 414 03

141 507 224 568 ,suis
246 507 364 588 copiis,
386 529 480 591 quam
504 509 579 570 odio
602 510 742 588 tyranni,
762 509 896 570 maximo
919 504 1022 569 animo
1043 508 1119 570 dua·

158 585 219 646 hus
229 588 383 648 onerariis
396 585 526 648 navibus
541 589 766 670 quinquaginta
776 610 927 650 annorum
941 588 1120 666 imperium,

158 667 315 726 munitum
337 668 514 748 quingentis
536 668 638 748 longis
661 667 809 740 navibus,
832 681 943 728 decem
964 669 1119 748 equitum,

139 757 287 806 *centum
324 746 468 826 pediturn
494 747 649 819 millibus,
680 746 846 824 profectus
883 759 1119 827 oppugnatum,

158 823 265 906 (quod
286 825 431 884 omnibus
452 824 597 906 gentibus
620 824 802 884 admirabile
826 836 875 884 est
897 826 1013 903 visum)
1038 824 1118 890 adeo

156 903 253 963 i'acile
267 905 423 983 perculit,
443 917 480 964 ut
500 915 576 984 post
591 903 681 964 diem
702 903 849 978 tertium,
870 926 963 987 quam
980 904 1119 968 Siciliam

158 983 323 1064 attigerat,
345 983 515 1063 Syracusas
537 982 704 1044 introierit.
742 984 792 1040 Ex
814 1004 879 1064 quo
904 984 1038 1064 intelligi
1061 1006 1119 1065 po-

156 1071 236 1134 test,
258 1062 379 1122 nullum
401 1083 470 1122 esse
492 1062 659 1142 imperium
681 1072 801 1136 tutum,
822 1061 880 1120 nisi
897 1061 1118 1124 benevolentia

155 1141 329 1202 munitum-1
350 1144 399 1202 Eo
422 1153 568 1222 tempore
590 1139 702 1200 aberat
720 1141 905 1218 Dionysius,
927 1151 960 1208 et
979 1142 1010 1200 in
1029 1143 1115 1202 Italia
1138 1155 1158 1219 4

140 1220 290 1280 ,classem
316 1221 541 1302 operiebatur,
564 1220 820 1282 adversariorum
844 1231 931 1279 ratus
958 1222 1116 1284 neminem

155 1299 224 1358 sina
250 1301 369 1382 magnis
395 1301 494 1380 copiis
515 1300 555 1360 ad
576 1321 609 1360 sc
637 1311 815 1360 venturum.
855 1300 946 1438 (guae
969 1320 1021 1360 res
1042 1303 1157 1365 eumd

140 1377 284 1439 ·l'esellit.
325 1383 404 1440 Nam
423 1381 507 1441 Dion
529 1381 565 1439 iis
587 1379 672 1460 ipsis,
694 1378 749 1460 qui
769 1379 827 1444 sub
853 1399 869 1436 a
897 1379 1025 1438 versarii
1046 1379 1117 1442 sue·

138 1470 228 1518 ¹rant
251 1471 429 1538 potestate,
462 1459 569 1542 regios
598 1459 726 1540 spiritus
751 1457 924 1539 repressit,
954 1458 1116 1541 totiusque

157 1537 225 1597 eius
254 1539 354 1618 partis
385 1537 509 1598 Siciliae
537 1539 658 1631 potitus
681 1550 747 1614 est,
806 1559 864 1598 uae
889 1536 948 1596 sub
973 1539 1116 1618 Dionysii

116 1665 120 1678 ,
154 1629 312 1696 potestate
334 1619 460 1694 fuerat3
484 1639 553 1698 pam
576 1639 616 1678 ue
640 1617 737 1676 modo
759 1559 848 1676 uinis
872 1617 1114 1695 Syracusarum,

155 1709 285 1775 praeter
310 1717 418 1756 arcem
440 1709 473 1756 et
492 1641 625 1755 insulam
646 1696 823 1755 adiunctam
845 1695 984 1775 oppido;
1008 1717 1113 1778 eoque
1135 1695 1155 1759 6

154 1795 224 1834 rem
243 1775 411 1854 perduxit,
426 1778 468 1833 'ut
488 1773 604 1833 talibus
618 1773 816 1852 pactionibus
832 1794 944 1852 pacem
964 1786 1115 1853 tyrannus

96 1901 98 1906 .
153 1851 264 1912 facere
285 1853 404 1913 vellet:
428 1853 565 1911 Siciliam
587 1853 674 1909 Dion
696 1850 873 1924 obtineret,
895 1852 1013 1910 Italiam
1038 1855 1116 1914 Dio·

141 1931 277 2008 nysius,
302 1929 469 2007 Syracusas
492 1931 734 2008 Apollocrates,
759 1929 811 1987 cui
833 1927 999 1986 maximam
1018 1928 1116 1992 fidem

152 2007 374 2068 unihabebat.
400 2007 511 2090 [Dion]
548 2010 574 2088 ).

237 2089 292 2149 VI.
325 2090 391 2146 Has
419 2101 483 2148 tam
510 2107 683 2170 prosperas
712 2097 842 2168 tamque
866 2085 1040 2166 inopinatas
1061 2109 1113 2150 res
1138 2112 1150 2150 1

153 2179 325 2228 consecuta
348 2179 396 2226 est
416 2167 518 2228 subita
540 2166 762 2240 commutatio,
792 2165 879 2248 quod
905 2168 1036 2228 fortuna
1057 2189 1114 2228 sua

151 2246 348 2322 mobilitate,
375 2253 470 2329 quem
491 2249 599 2329 paullo
621 2259 693 2307 ante
718 2248 892 2316 extulerat,
922 2245 1113 2328 demergere

152 2339 202 2386 est
222 2325 344 2386 adorta.
386 2327 529 2388 Primum
550 2329 581 2387 in
602 2325 685 2402 lilio,
707 2326 748 2387 de
773 2347 838 2409 quo
864 2326 1151 2388 commemoraris

141 2424 258 2486 supra,
280 2426 368 2465 suam
375 2407 438 2467 vim
450 2406 477 2484 1)
494 2406 647 2468 exercuit.
667 2408 746 2466 Nam
755 2428 852 2488 quum
868 2425 1001 2464 uxorem
1017 2405 1113 2466 redu-

90 2519 94 2526 ,
151 2485 267 2561 nisset,
285 2506 368 2568 quae
386 2486 437 2550 alii
450 2485 558 2546 suerat
574 2483 706 2561 tradita,
722 2483 886 2568 filiumque
902 2485 1001 2544 vellet
1017 2504 1113 2545 revo-

153 2584 225 2624 care
247 2565 286 2624 ad
308 2565 460 2625 virtutem
477 2586 494 2624 a
510 2565 637 2644 perdita
659 2566 798 2642 luxuria,
820 2565 944 2644 accepit
1004 2564 1113 2626 avissi-

89 2676 93 2690 ι
150 2665 237 2702 mum
251 2645 491 2724 parensvulnus
506 2651 611 2705 morte
629 2643 693 2705 filii.
724 2645 849 2704 Deinde
869 2655 939 2704 orta
978 2643 1151 2708 issansiod

89 2761 91 2766 ·
152 2735 202 2782 est
215 2723 298 2784 inter
312 2743 386 2782 eum
407 2721 440 2782 et
456 2723 678 2801 Heraclidem,
699 2724 770 2808 qui,
792 2723 880 2805 quod
900 2721 1112 2802 principatum

137 2799 420 2863 nonaoncedebat
432 2800 474 2880 ²),
490 2801 662 2866 factionem
670 2803 876 2883 comparavit.
899 2803 1012 2882 Neque
1021 2801 1046 2860 is
1056 2801 1112 2860 mi-

54 2934 58 2954 ,
139 2901 209 2942 nus
234 2881 360 2943 valebat
376 2881 462 2964 apud
482 2882 666 2964 optimates,
689 2903 827 2967 quorum
847 2899 1003 2942 consensu
1018 2901 1113 2962 prae·
1196 2941 1199 2954 ,

159 3033 344 3048 Ιῇ---ς

219 3120 250 3185 9)
268 3121 306 3172 ita
329 3121 412 3174 codd.
430 3147 465 3162 -
484 3097 579 3172 Lamb.
597 3118 749 3172 emendavit
769 3115 934 3186 Dionysius.
970 3141 1003 3154 -
1040 3113 1110 3167 utu.

152 3188 252 3244 edidit:
272 3186 396 3244 tutetur.
409 3189 476 3258 Cap.
488 3189 535 3239 VI.
555 3189 655 3240 Dionis
671 3201 725 3238 tom
736 3203 886 3256 prosperas
899 3193 951 3236 cet.
967 3201 989 3232 v.
1001 3183 1069 3232 Dhn.
1078 3211 1112 3222 -

220 3257 251 3321 1)
270 3257 361 3307 Raecl.
378 3259 412 3308 al.
434 3257 578 3309 saevitiam
592 3271 687 3318 suam‚·
706 3257 739 3307 al.
760 3255 817 3305 vim
835 3269 914 3305 suram
932 3269 957 3301 v.
977 3250 1055 3300 Bard.
1076 3275 1111 3288 ·-·

151 3325 288 3446 mdllrgemg
303 3323 408 3380 Giiutb.
429 3328 464 3378 al.
480 3326 534 3397 qui
549 3323 656 3396 quidm
670 3322 860 3394 principatum
877 3337 933 3372 non
944 3315 1109 3382 concedens,

151 3411 176 3443 u
197 3429 205 3444 .
241 3409 297 3444 ar.
