2564 3872
212 406 267 466 nt
473 401 585 464 xxm.
606 417 788 464 assurum.
816 422 841 461 ι.
861 417 890 462 s.

207 565 294 644 dum,
313 561 521 625 Hannibalem
542 553 630 623 tanto
653 559 684 641 2)
699 559 895 641 praestitisse
916 573 1043 624 ceteros
1063 566 1167 646 impe·

209 657 334 706 ratores
357 641 537 722 prudentia,
561 652 679 722 quanto
703 639 841 721 populus
855 643 1017 702 Romanus
1038 656 1167 704 antece-

169 743 188 784 ι
211 727 264 784 dat
280 719 468 782 fortitudine
483 730 610 779 cunctas
623 720 776 780 nationes.
802 720 881 777 Nam
899 722 1167 804 quotiescumque

208 824 280 863 cum
312 821 351 860 eo
379 817 568 880 congressus
603 809 651 858 est
676 797 707 856 in
727 797 833 871 ltalia,
861 815 988 880 semper
1019 800 1168 861 discessit

208 903 245 941 sn
270 881 367 939 crior.
410 877 509 957 Quod
537 877 596 936 nisi
624 875 711 936 domi
742 874 859 935 civium
889 897 1021 937 suorum
1048 879 1167 940 invidia

208 903 390 1018 delsilitatus
421 967 524 1028 esset,
562 959 722 1014 Romanos
743 953 910 1014 videretur
935 976 1090 1037 superare
1108 977 1167 1038 po·

210 1038 318 1098 tuisse.
359 1036 423 1095 Sed
444 1036 616 1096 multorum
638 1032 831 1093 obtrectatio
851 1033 970 1094 devicit
990 1036 1083 1096 unius
1105 1037 1168 1097 vir-²

170 1121 190 1184 3
212 1128 323 1176 tutem.
367 1114 428 1173 Hie
451 1125 556 1174 autem
578 1112 667 1173 velut
681 1110 867 1171 'hereditate
886 1113 1036 1172 relictum
1056 1113 1167 1176 odium

209 1207 376 1276 paternum
407 1211 483 1273 erga
510 1195 670 1252 Romanos
697 1189 743 1250 sie
770 1191 991 1268 conservavit,
1019 1204 1056 1252 ut
1076 1194 1167 1273 prius

209 1273 359 1346 animam,
385 1289 480 1350 quam
499 1270 549 1345 id,
570 1267 771 1349 deposuerit:
806 1268 862 1349 qui
889 1269 1035 1351 quidem,
1067 1293 1169 1353 quum

209 1351 310 1432 patria
337 1347 446 1428 pulsus
476 1359 578 1423 esset,
609 1359 642 1406 et
669 1347 842 1406 alienarum
870 1367 967 1427 opum
997 1349 1170 1442 indigeret,

210 1451 283 1488 num
308 1449 381 1487 uam
402 1426 559 1485 destiterit
578 1426 680 1484 animo
702 1423 822 1485 bellare
845 1444 918 1484 cum
939 1429 1097 1488 Romanis.

287 1452 324 1565 ll.
344 1507 424 1563 Nam
453 1513 490 1562 ut
523 1504 664 1562 omittam
689 1504 889 1582 Philippum,
926 1525 1022 1586 quem
1054 1507 1170 1568 absens

211 1585 338 1644 hostem
353 1581 668 1642 reddiditRomanis:
683 1583 822 1642 omnium
836 1580 883 1642 his
897 1583 1094 1664 temporibus
1110 1605 1170 1665 po·

211 1662 404 1722 tentissimus
419 1680 475 1720 rex
497 1661 672 1721 Antiochus
691 1659 762 1720 fuit.
786 1662 880 1720 Hunc
894 1672 979 1721 tanta
995 1661 1171 1742 cupiditate

180 1748 188 1758 '
211 1741 350 1812 incendit
364 1739 512 1816 bellandi,
532 1753 567 1800 ut
581 1760 684 1822 usque
698 1761 714 1798 a
727 1738 827 1799 rubro
846 1741 925 1798 mari
939 1761 1023 1799 orma
1037 1753 1173 1800 conatus

173 1839 192 1880 a
214 1820 254 1880 sit
270 1818 393 1880 inferre
406 1817 523 1878 ltaliae.
543 1819 594 1878 ad
609 1839 703 1956 spuem
717 1837 814 1900 quum
828 1815 925 1899 legati
939 1817 1173 1880 venissemus

213 1900 312 1975 mani,
337 1899 392 1982 qui
416 1897 456 1957 de
479 1897 546 1978 ejus
571 1917 611 1958 vo
626 1909 733 1958 untate
755 1895 971 1976 explorarent,
994 1897 1173 1992 darentque
1271 1923 1276 1936 ¹

214 2001 345 2058 oporam
367 1977 503 2038 consiliis
525 1976 743 2051 clandestinis,
769 1989 806 2035 ut
837 1975 1045 2035 Hannibalem
1068 1998 1100 2036 m
1121 1999 1172 2038 su·

214 2059 387 2134 spicionem
411 2055 481 2136 regi
509 2054 721 2131 adducerent,
747 2065 908 2135 tamquam
935 2053 974 2114 ab
1004 2055 1014 2113 i
1039 2055 1080 2116 sis
1100 2075 1172 2118 cor·

214 2146 344 2213 ruptum
368 2135 444 2206 alia,
462 2146 557 2214 atque
581 2145 688 2209 antea,
713 2133 847 2208 sentire3
868 2151 974 2216 neque
994 2132 1005 2191 i
1050 2134 1174 2196 frustra

214 2209 376 2284 iecissent,
396 2210 494 2290 idque
517 2211 671 2269 Hannibal
693 2211 918 2290 comperisset,
945 2230 1044 2294 seque
1067 2211 1105 2272 ab
1125 2213 1172 2272 in*

175 2290 194 2351 3
214 2289 387 2347 terior-ibus
410 2287 547 2346 consiliis
569 2289 734 2370 segregari
755 2289 905 2350 vidisset:
928 2300 991 2348 tem
1018 2312 1075 2351 ore
1097 2290 1173 2352 dato

216 2365 291 2424 adiit
315 2364 354 2424 ad
375 2382 504 2442 regem,
539 2365 633 2446 eique
663 2387 761 2448 quum
783 2369 882 2427 multa
904 2368 944 2428 de
968 2309 1031 2428 liele
1057 2390 1114 2429 sua
1140 2382 1174 2431 et

215 2445 290 2506 odio
315 2442 346 2502 in
361 2443 520 2502 Romanos
543 2459 830 2519 commemorasset,
848 2444 911 2506 hoc
930 2444 1087 2525 adjunxit:
1113 2449 1174 2508 Pa·

215 2536 277 2596 ter,
293 2521 406 2601 iuquit,
427 2541 527 2598 meus,
540 2522 711 2599 Hamilcar,
733 2525 871 2603 puerulo
892 2545 955 2600 me,
975 2537 1089 2606 utpote
1109 2547 1174 2586 non

217 2599 349 2680 amplius
373 2619 489 2660 novem
512 2619 609 2661 annos
629 2611 722 2680 nato,
744 2603 775 2660 in
796 2603 978 2683 Hispaniam
997 2604 1174 2684 imperator

218 2675 423 2772 proficiscens
449 2679 649 2760 Carthagine,
670 2681 744 2742 Jori
768 2681 889 2760 optimo
904 2680 1038 2742 marimo
1053 2681 1173 2744 hostias

177 2765 197 2830 4
217 2758 400 2820 immolavit.
422 2757 513 2841 Quae
535 2757 638 2818 diviua
657 2779 710 2818 res
733 2760 807 2818 dum
823 2757 1062 2837 conficiebatur,
1078 2769 1174 2844 quae'-

218 2837 292 2896 sivit
316 2859 334 2896 a
353 2858 424 2914 me,
448 2839 605 2900 vellemne
626 2856 735 2898 secum
752 2838 784 2896 in
805 2850 907 2898 castra
926 2839 1116 2916 proficisci?
1136 2841 1173 2902 ld

219 2935 317 2995 quum
338 2916 475 2978 libenter
496 2913 701 2994 accepissem,
722 2925 818 2996 atque
839 2917 878 2976 ab
902 2911 1076 2995 eo'petere
1102 2940 1175 2981 coe·

218 2993 352 3072 pissem,
372 3014 413 3056 ne
436 2993 599 3055 dubitaret
622 2993 742 3054 ducere
749 3013 759 3070 3
794 3005 862 3054 tum
883 2993 956 3069 ille,
976 2994 1109 3072 faciam,
1129 2998 1174 3058 in·

218 3071 306 3152 quit,
330 3071 356 3129 si
377 3072 475 3134 fidem
495 3073 583 3148 mihi,
604 3093 698 3154 quam
744 3074 864 3150 ostulo,
888 3073 1027 3135 dederis.
1073 3075 1174 3136 Simul

221 3168 272 3208 me
297 3148 336 3208 ad
358 3169 445 3214 aram
468 3151 617 3228 adduxit,
655 3094 742 3233 apud
768 3173 863 3232 quam
886 3152 1068 3218 sacrificare
1087 3154 1176 3216 iusti·

277 3365 305 3434 a)
338 3377 417 3418 tanto
444 3364 518 3420 obest
537 3384 552 3421 a
572 3367 653 3423 codd.
675 3369 724 3423 Ax.
740 3369 833 3422 Boeol.
854 3369 934 3425 Voss.
952 3369 982 3424 B.
1001 3370 1055 3425 sid.
1072 3370 1175 3424 Daehu.

223 3435 288 3503 ihiq.
307 3433 419 3488 laudato
462 3493 466 3499 ,
750 3489 753 3494 ,
811 3489 813 3494 ,
922 3491 925 3496 ,
1114 3483 1124 3494 t.
1269 3474 1270 3478 =
