2524 3872
206 433 248 500 at
441 483 445 493 .
486 429 523 496 tt
543 445 798 499 sumeremus.
823 431 852 516 t,
877 433 905 518 γλ

207 595 390 679 telligerent
403 595 663 672 Lacedaemonii,
685 596 726 656 (le
746 593 926 677 principatu
946 595 1005 656 sihi
1027 616 1099 657 eum
1122 597 1178 660 liis

164 680 186 748 Is
210 689 372 738 certamen
391 674 477 737 fore.
515 677 625 768 Quare
647 695 703 736 eos
734 697 828 758 qnam
847 671 1073 734 infinitissimas
1098 699 1179 738 csse

206 755 366 816 volebant.
391 755 565 838 Postquam
587 767 693 816 autem
708 755 895 826 audierunt,
913 774 1023 815 muros
1044 755 1178 832 instrui,

204 833 328 914 legatos
349 831 491 892 Athenas
512 835 684 910 miserunt,
708 833 812 915 quiid
831 829 903 892 lieri
924 844 1080 892 vetarent.
1110 835 1179 894 His

204 909 426 992 praesentibus
441 911 611 986 desierunt,
634 932 672 973 ac
692 911 786 971 sede
804 931 843 971 ee
855 929 893 970 re
909 909 1030 992 legatos
1052 911 1093 970 ad
1111 931 1178 972 eos

165 988 357 1054 emissuros
380 989 535 1050 dixerunt.
562 991 685 1051 Hanc‘l
745 989 865 1050 tionem
886 989 1026 1082 suscepit
1039 989 1177 1050 Themi-

204 1068 339 1143 stccles,
362 1078 395 1128 et
415 1067 501 1130 solus
522 1069 625 1149 primo
647 1009 815 1149 proeli-ctus
837 1079 904 1143 est3
927 1069 1046 1150 reliqui
1069 1069 1177 1149 legati
1224 1085 1227 1090 ·

203 1156 241 1205 ut
258 1143 291 1223 7)
309 1157 378 1205 tum
393 1145 532 1221 exirent,
553 1169 652 1242 quum
672 1147 745 1207 satis
761 1147 895 1206 altitudo
909 1147 994 1206 muri
1005 1158 1176 1208 exstructa

203 1223 387 1298 videretur,
420 1237 608 1307 praeceprtr
633 1226 764 1286 interim
791 1245 917 1298 omnes,
949 1225 1036 1284 servi
1070 1238 1177 1308 atque

201 1301 317 1378 liberi,
350 1321 431 1382 opus
458 1303 620 1379 facerent„
648 1324 754 1386 neque
782 1305 839 1363 ulli
869 1305 943 1363 loco
977 1316 1172 1384 parcerent,

202 1381 276 1441 sive
293 1399 400 1456 sacer,
421 1379 493 1443 sive
508 1383 684 1460 profanus,
706 1383 778 1443 sive
796 1384 941 1464 privatus
963 1394 1066 1456 esset,
1093 1383 1175 1444 sive

201 1459 368 1539 publicus,
390 1470 423 1518 et
444 1461 601 1544 undique,
622 1461 710 1544 quod
729 1461 880 1522 idoneum
902 1460 944 1520 ad'
958 1461 1172 1523 muniendum

199 1548 369 1617 putarent,
401 1551 624 1620 congererent
666 1541 746 1630 Quo
766 1540 887 1601 factum
911 1551 977 1613 est,
1001 1553 1038 1598 ut
1065 1539 1171 1600 Athe-

200 1615 357 1676 niensium
376 1617 459 1676 muri
481 1638 519 1678 ex
540 1619 664 1680 sacellis
686 1619 912 1700 sepulcrisque
928 1629 1124 1692 constarent.

261 1693 333 1755 VII.
349 1694 583 1758 Themistocles
596 1709 718 1772 autem,
734 1698 1048 1756 utLacedaemonem
1063 1696 1170 1773 vemt,

201 1772 292 1832 adire
307 1771 348 1832 ad
357 1775 564 1855 magistratus
578 1777 690 1850 nolu'it,
708 1789 742 1836 et
756 1775 844 1836 dedit
857 1795 1001 1868 operam,
1020 1787 1167 1856 utquam

197 1849 379 1932 longissime
403 1865 530 1936 tempus
553 1855 702 1930 duceret,
732 1874 857 1914 causam
878 1865 1101 1934 interponens,
1127 1873 1167 1914 se

197 1930 337 2011 collegas
363 1951 404 1991 ex
443 1946 569 2008 ectare,
624 1955 700 1993 uum
721 1931 964 1993 Lacedaemonii
986 1952 1166 2013 quereren-

196 2017 261 2083 tur,
281 2029 362 2088 opus
386 2011 418 2069 ni
442 2011 589 2071 ilominus
623 2011 697 2086 ἐνί,
720 2031 858 2093 eumque
879 2011 911 2069 in
933 2030 973 2070 ea
995 2031 1031 2070 re
1052 2011 1167 2070 conari

157 2097 177 2140 2
197 2084 321 2146 fallere
343 2089 473 2148 Interim
490 2089 608 2170 reliqui
625 2089 725 2168 legati
743 2101 816 2150 snm
836 2089 1009 2150 consecuti.
1041 2088 1068 2147 A
1091 2089 1164 2170 qui-

197 2162 257 2222 bus
273 2184 372 2244 quum
384 2166 541 2241 audisset,
558 2187 622 2226 non
635 2167 771 2226 multum
783 2167 1164 2248 superesse-munitionis,

198 2239 239 2300 ad
261 2241 401 2321 ephoros
421 2244 748 2306 Lacedaemoniorum
770 2246 919 2321 accessit,
942 2247 1056 2325 (penes
1077 2265 1162 2326 quos

197 2339 354 2378 summum
378 2319 547 2400 imperium
571 2324 667 2403 erat),
687 2337 786 2408 atque
805 2324 891 2404 apud
911 2345 969 2384 eos
985 2324 1163 2399 contendit,

196 2395 277 2456 falsa
289 2392 377 2474 hisss)
386 2419 458 2459 esse
474 2401 598 2477 delata-5
612 2424 712 2484 quare
727 2425 746 2462 a·
835 2423 867 2460 m
880 2407 960 2477 esse,
982 2401 1057 2459 illos
1070 2401 1161 2461 vires

196 2472 302 2534 bonos
326 2475 518 2564 nobilesque
546 2482 694 2558 mittere,
721 2483 776 2564 qui
800 2501 837 2541 us
865 2479 944 2540 fides
967 2479 1162 2556 haberetur,

218 2552 252 2611 ui
272 2573 342 2612 rem
364 2557 582 2636 explorarent3
604 2561 726 2621 interea
748 2581 785 2620 se
806 2560 951 2621 obsidem
972 2558 1158 2618 retinerent.

155 2631 176 2693 3
229 2643 314 2722 estias
332 2646 381 2693 cst
403 2636 432 2695 ci
454 2657 534 2714 mos,
554 2651 691 2720 tresque
709 2640 816 2720 legati,
838 2637 940 2697 functi
957 2636 1085 2694 summis
1099 2636 1160 2696 ho·

195 2708 339 2787 nonbus,
354 2713 496 2775 Athenas
515 2717 601 2776 missi
621 2729 701 2778 sunt.
744 2719 825 2778 Cum
845 2717 896 2776 his
916 2715 978 2776 coll
1024 2735 1058 2773 as·
1082 2735 1157 2774 suos

165 2788 167 2794 ’
196 2787 432 2852 Themistocles
455 2794 545 2853 iussit
567 2793 747 2888 proficisci,
779 2797 891 2934 eisque
914 2813 992 2875 prae
1015 2793 1089 2868 ixit,
1120 2805 1158 2853 ut

194 2885 236 2926 ue
251 2867 339 2945 prius
351 2872 679 2934 Lacedaemoniorum
694 2877 817 2956 legatos
857 2875 1045 2950 imitterent,
1062 2893 1157 2954 quam

154 2943 263 3023 Aipse
286 2960 370 3007 esset
388 2951 549 3010 remissus.
592 2955 660 3010 Hos
684 2968 855 3037 postquam
878 2952 1017 3012 Athenas
1040 2971 1156 3030 perve-

194 3023 279 3082 nisse
299 3039 386 3086 ratus
407 3039 472 3103 est,
489 3029 528 3087 ad
544 3031 762 3110 magistratum
778 3029 1157 3112 senatumquelraeedee-

194 3102 373 3164 munierum
393 3106 479 3179 adiit,
499 3108 629 3187 et'apud
645 3130 700 3172 eos
717 3111 881 3170 liberrime
898 3108 1065 3189 professus
1087 3119 1154 3176 est:

193 3180 402 3243 Athenienses
433 3204 492 3245 suc
517 3186 664 3266 consilio,
694 3188 782 3273 quod
802 3186 963 3251 communi
982 3187 1054 3247 iure
1078 3205 1155 3267 gen.

244 3397 271 3462 7)
290 3408 321 3445 ut
339 3397 471 3446 omittitur
491 3403 516 3450 in
532 3403 613 3452 codd.
630 3403 697 3452 Dan.
715 3408 742 3450 et
757 3399 842 3450 duob.
858 3401 936 3452 Voss.
954 3428 990 3444 —

240 3463 268 3528 8)
288 3463 331 3512 his
345 3461 418 3514 deest
440 3467 467 3515 in
485 3469 547 3519 cod.
566 3469 614 3519 Ax.
633 3468 668 3517 ei.
687 3466 731 3518 ed.
750 3454 826 3554 lleid„
