2564 3872
249 419 304 476 loo
388 487 390 490 Ι
510 445 513 452 -
537 423 752 468 retentura.
781 421 854 466 car.
875 419 906 464 v.

246 619 319 663 eum
341 595 468 692 scripsit
487 603 552 656 tres
573 603 605 656 et
625 589 737 675 viginti
758 601 993 666 annositatem,
1014 591 1150 672 primani
1173 586 1206 667 ⁴)

248 699 374 741 carneam
399 675 508 737 iudicii
531 673 653 757 publici
681 670 802 753 egisse,
828 671 960 732 Sextum
982 691 1023 730 ue
1051 669 1207 730 Roscium

212 765 217 800 ³
247 757 409 840 parricidii
432 775 524 816 reum
545 752 736 816 defendisse.
764 751 836 812 Gall.
855 752 926 822 XV,
947 695 995 814 ab
1015 769 1065 830 pr.

326 835 392 922 Qui
422 833 536 912 habet,
569 835 657 895 ultro
689 833 867 916 appetitur3
904 831 960 916 qui
990 841 1039 890 est
1067 847 1207 908 pauper,

248 928 443 996 aspernatur.
483 913 530 974 ld.
552 913 624 976 eod.
647 913 669 974 l.

34 999 36 1010 '
89 1047 97 1057 .
207 999 254 1061 5·
296 993 436 1088 ,Qum
466 1004 631 1054 oratorum
660 1011 757 1075 quem
782 989 857 1049 huic
884 1001 1057 1084 antepones
1080 1009 1206 1066 eorum,

248 1093 305 1158 qur
333 1074 412 1134 mhil
438 1073 525 1132 aliud
544 1069 703 1165 egerunt?
729 1069 799 1154 quis
823 1071 984 1130 sententirs
1008 1083 1062 1131 aut
1082 1069 1207 1132 acutior

247 1163 301 1213 aut
327 1151 494 1214 crebrior?
526 1173 596 1233 quis
622 1149 731 1215 verbis
759 1155 814 1209 aut
838 1149 980 1212 ornatior
1004 1158 1059 1212 aut
1078 1151 1206 1232 elegan-

247 1229 334 1291 tior?
361 1232 441 1291 Suet.
463 1232 494 1291 in
516 1231 606 1292 Caes.
629 1249 656 1292 c.
676 1231 727 1293 55.

195 1315 229 1378 ,δ
328 1309 383 1375 Ut.
395 1311 518 1372 Tullius
539 1309 654 1386 docet,
682 1305 879 1390 crudelitatis
907 1309 1073 1390 increpans
1094 1309 1207 1370 Caesa·

250 1399 321 1452 rent
339 1390 371 1450 in
396 1389 530 1473 quadam
553 1389 593 1450 ad
615 1391 776 1482 Nepotem
802 1387 944 1468 epistola.
985 1391 1099 1470 Neque
1124 1389 1206 1448 enim

250 1465 425 1554 quidquam
443 1467 527 1530 aliud
550 1481 599 1530 est
618 1467 763 1543 felicitas,
783 1465 901 1549 inquit,
922 1467 981 1526 nisi
1001 1466 1206 1528 honestarum

218 1565 221 1570 '
251 1569 360 1610 rerum
378 1567 456 1629 pros
481 1549 592 1609 eritas:
613 1547 683 1624 vel,
704 1555 742 1606 ut
762 1546 824 1608 alio
842 1545 939 1607 modo
961 1545 1124 1608 definiam:
1146 1547 1208 1605 Fe-

250 1627 351 1687 licitas
380 1639 429 1688 est
471 1627 589 1688 'rtuna
621 1625 759 1686 adiutrix
795 1624 998 1686 consiliorum
1028 1625 1207 1701 bonorum3

217 1719 222 1728 ’
275 1705 367 1766 uibus
389 1706 523 1788 quinon
537 1707 650 1782 utitur,
670 1705 750 1766 felix
769 1703 857 1764 nullo
877 1715 973 1798 pacto
1000 1723 1071 1766 esse
1091 1716 1207 1785 potest.

250 1727 342 1867 {rgo
366 1785 399 1846 ia
418 1786 553 1868 perditis
577 1785 746 1868 impiisque
774 1783 938 1858 consiliis„
1001 1784 1071 1844 ibus
1094 1786 1208 1844 Caesar

251 1884 327 1925 usus
345 1877 430 1943 erat,
450 1867 537 1929 nulla
552 1865 658 1947 potuit
672 1882 742 1926 esse
755 1860 909 1939 felicitas3
930 1805 1122 1946 sedibiorque
1135 1882 1207 1924 meo

251 1943 370 2004 iudicio
391 1946 539 2007 Camillus
566 1944 727 2019 exsulans,
755 1961 851 2024 quam
877 1941 1078 2022 temporibus
1097 1942 1208 2002 iisdem

250 2023 400 2102 Manlius,
415 2025 553 2098 etiamsi,
568 2024 601 2084 id
615 2021 703 2106 (prod
716 2020 877 2101 cupierat,
892 2039 1027 2104 regnare
1041 2021 1207 2104 potuisset.

250 2103 395 2162 Αιπιηὶαιι.
415 2105 514 2164 Marc.
534 2103 588 2164 lib.
608 2103 691 2164 xxl.
711 2111 792 2162 extr.
893 2148 896 2153 .

213 2201 260 2260 7.
304 2211 305 2214 ¹
333 2183 423 2244 Haec
436 2181 574 2276 -rpuidas'n
597 2195 741 2244 veterum
760 2176 985 2253 formidantes,
1014 2179 1208 2261 cognitiones

248 2263 383 2320 *nmuum
404 2282 582 2334 variorum,
605 2262 691 2340 stylis
710 2257 915 2320 uberioribus
935 2258 1124 2338 explicatas,
1146 2281 1209 2320 non

251 2335 383 2398 edidere
405 2339 609 2419 superstites:
630 2351 666 2398 ut
686 2338 718 2397 in
732 2336 867 2420 quadam
888 2337 927 2396 ad
943 2337 1037 2398 Corn.
1051 2340 1208 2480 lippetem

251 2415 387 2496 epistola
408 2418 531 2476 Tullius
576 2437 685 2500 uoque
715 2416 804 2476 testis
838 2416 1035 2479 reverendus

252 2493 397 2554 ammian.
421 2496 521 2554 Marc.
543 2495 565 2556 li
590 2539 598 2555 .
620 2496 734 2559 XXVI.
757 2515 806 2576 pr.

212 2576 235 2640 Β
260 2631 263 2636 .
304 2603 308 2610 ·
336 2573 518 2636 Sententiae
538 2576 621 2637 illius
640 2575 803 2638 Tullianae
819 2573 963 2669 ignarus,
984 2574 1145 2652 docentis,
1166 2575 1210 2636 in·

256 2652 368 2716 felices
389 2674 459 2716 esse
480 2675 554 2731 eos,
583 2649 639 2740 qui
659 2655 763 2717 omnia
784 2654 844 2715 siba
863 2653 960 2718 licere
985 2655 1208 2718 existimarunt.

251 2736 399 2796 Ammiau.
419 2735 519 2796 Mure.
540 2735 594 2796 lib.
614 2737 728 2800 XXVI.
747 2745 828 2797 extr.

1129 2429 1208 2478 mat.

438 2881 526 2930 ruem
548 2881 594 2932 Ao
615 2881 779 2932 arricum
795 2868 1011 2939 ornareris.
1090 2919 1093 2924 ,

210 2977 231 3045 9
312 2952 445 3048 Nepotis
467 2961 632 3046 epistolam
646 2971 806 3043 exspecto.
831 2964 972 3050 Cupidus
986 2968 1043 3032 ille
1055 2989 1210 3047 meorum,
1246 3007 1247 3012 κ

219 3058 222 3064 ·
252 3043 308 3179 {ui
329 3062 375 3118 ea,
396 3045 511 3128 quibus
533 3045 667 3104 maxime
697 3043 837 3125 γαυριῶ,
863 3049 997 3130 legenda
1020 3070 1085 3110 non
1111 3047 1209 3130 putet·
1246 3051 1247 3058 '

271 3123 296 3209 Jt
319 3121 364 3180 ais
384 3123 447 3191 μετ’
487 3120 649 3199 deripere:
675 3131 710 3180 tu
729 3145 808 3189 vero
830 3123 979 3206 ἅμυμων,
1002 3129 1057 3190 ille
1084 3129 1209 3210 quidem

252 3196 424 3277 ἁμβροτος,
447 3205 516 3265 Lib.
532 3205 616 3266 XVI.
637 3207 666 3266 5.

217 3297 254 3338 ιο
327 3280 411 3343 Male
437 3305 545 3344 narras
570 3283 611 3344 de
632 3283 763 3367 Nepotis
789 3281 865 3346 filio.
905 3283 1008 3347 Valde
1028 3285 1208 3348 mehercule

252 3375 389 3449 moveor
419 3373 452 3421 et
477 3364 612 3423 moleste
640 3361 723 3426 fero.
763 3362 943 3428 Nescieram
965 3363 1110 3443 omnino,
1141 3381 1208 3426 esse

253 3446 347 3499 istum
368 3459 513 3519 puerum.
535 3442 596 3520 Ep.
622 3449 667 3513 ιιι.
