2524 3872
349 455 427 516 ‘u'
450 455 697 520 aurmsrocnrs
719 471 747 516 a.
769 453 799 518 3.
1021 456 1062 519 ¹6

98 611 199 699 quum
229 615 362 698 pecunia
375 613 519 695 publica,
540 635 623 697 quae
637 635 676 675 ex
690 611 825 675 metallis
839 613 982 692 redibat,
1002 613 1065 678 lar-

98 693 223 774 gitione
240 695 479 778 magistratuum
499 694 665 776 quotannis
679 693 841 769 interiret,
863 693 918 754 ille
932 715 1066 776 persua-

3 833 5 838 ,
97 773 141 832 sit
154 775 288 854 populo,
310 785 346 832 ut
367 793 405 832 es
442 773 551 832 ecunia
566 773 671 832 classis
691 782 818 832 centum
833 773 957 832 navium
979 774 1065 835 aedi·

96 848 262 913 licaretur.
298 851 370 990 gua
387 791 539 910 celeriter
560 849 695 925 effecta,
712 849 850 931 primum
865 854 1063 932 Corcyraeos
1082 859 1107 922 3

97 929 219 1011 fregit,
234 931 308 1000 dein
333 949 352 991 e
365 928 539 988 maritimos
555 927 733 1009 praedones
748 931 959 992 consectando
973 945 1063 992 mare

98 1019 205 1068 tutum
230 1007 380 1069 reddidit.
420 1008 455 1066 ln
483 1027 548 1088 quo
569 1027 666 1089 quum
689 1006 806 1066 divitiis
825 1010 965 1088 ornavit,
992 1022 1063 1071 tum

99 1087 196 1146 etism
217 1087 424 1168 peritissimos
445 1085 523 1147 belli
543 1085 661 1147 navalis
681 1085 761 1146 fecit
780 1085 1000 1149 Athenienses.
1026 1089 1103 1166 lta

98 1177 238 1247 quantae
254 1165 346 1226 saluti
360 1156 461 1225 fuerit
476 1165 645 1226 universae
661 1164 831 1240 Graeciae,
850 1164 937 1227 bello
953 1168 1063 1250 cogni·

97 1255 167 1303 tum
192 1258 241 1304 est
261 1244 412 1319 Persico,
437 1265 536 1326 quum
560 1245 685 1303 Xerxes
700 1241 730 1322 ³)
752 1253 785 1303 et
807 1244 885 1303 mari
915 1256 948 1304 et
973 1259 1062 1306 terra

97 1321 220 1382 bellum
244 1323 411 1384 universae
432 1321 569 1383 inferret
585 1323 736 1402 Europae
752 1341 823 1382 com
839 1323 932 1382 tantis
949 1325 1061 1405 copiis,

122 1413 233 1461 nantas
252 1421 358 1484 neque
374 1413 481 1476 antea,
501 1421 607 1483 neque
649 1413 737 1460 ostea
756 1399 866 1460 habuit
883 1401 1060 1484 qnisquam.

97 1421 202 1539 liuius
222 1481 304 1540 enim
325 1481 432 1541 classis
453 1480 539 1540 mille
561 1491 595 1540 et
617 1421 823 1540 ducentarum
847 1479 972 1540 navium
993 1481 1060 1541 lon·
1079 1489 1101 1550 5

62 1621 63 1625 ,
96 1577 210 1638 garum
233 1557 312 1634 fuit,
333 1579 426 1642 quam
449 1559 515 1621 duo
536 1558 632 1618 millia
654 1557 870 1618 onerariarum
885 1559 1061 1641 sequeban-

96 1647 167 1712 tur3
187 1649 360 1698 terrestres
382 1649 488 1697 autom
510 1637 671 1697 exercitus
695 1636 971 1716 septingentorum
991 1638 1061 1697 mil-

96 1712 176 1773 lium
191 1715 346 1795 peditum,
361 1716 503 1798 equitum
519 1713 651 1796 quadrin
677 1726 824 1774 entorum
840 1716 971 1774 millium
988 1716 1060 1776 fue·

96 1804 181 1852 runt.
215 1794 312 1854 Cuius
328 1794 370 1852 de
384 1793 524 1853 adventu
538 1814 635 1873 quum
649 1736 733 1852 iana
747 1792 779 1850 in
794 1793 958 1852 Graeciam
973 1805 1058 1855 esset
1079 1795 1100 1859 6

96 1871 237 1951 perlata,
258 1881 291 1930 et
311 1871 446 1929 maxime
463 1869 672 1929 Athenienses
693 1870 762 1948 peti
782 1869 964 1929 dicerentur
984 1891 1059 1950 pro-

95 1960 172 2029 pter
187 1968 326 2040 pugnam
338 1946 565 2006 Marathoniam
573 1967 582 2021 3
604 1946 758 2006 miserunt
769 1945 913 2026 Delphos
935 1949 1060 2008 oonsul-

95 2039 174 2098 tum,
196 2025 345 2108 quidnam
353 2024 504 2085 'facerent
520 2023 561 2083 de
578 2023 676 2083 rebus
691 2023 764 2086 suis.
798 2025 1058 2086 Deliberantibus

95 2105 123 2162 P
145 2103 210 2166 thia
233 2103 416 2185 respondit,
439 2115 476 2164 ut
503 2100 670 2162 moenibus
691 2102 803 2183 ligneis
831 2123 866 2163 se
889 2104 1057 2165 munirent,

94 2125 143 2241 lsi
159 2203 347 2263 responsum
372 2203 437 2265 quo
453 2182 594 2256 valeret,
617 2203 715 2275 quum
737 2180 931 2260 intelligeret
945 2203 1057 2259 nemo,
1077 2203 1098 2262 7
1125 2201 1129 2214 ’

97 2259 328 2323 Themistocles
347 2261 523 2342 persuasit,
550 2261 715 2320 consilium
736 2279 806 2320 esse
827 2261 1002 2339 Apollinis,
1021 2273 1058 2321 ut

94 2339 126 2398 in
142 2359 238 2400 naves
254 2359 289 2400 se
302 2361 422 2434 suaque
440 2339 640 2401 conferrent:
663 2359 735 2399 eum
753 2339 835 2399 enim
851 2359 868 2396 a
884 2339 946 2400 deo
963 2341 988 2398 si
1013 2341 1058 2400 ni·

95 2415 184 2477 ficari
204 2439 331 2478 murum
351 2421 500 2500 ligneum.
532 2419 602 2478 'Pali
623 2417 754 2482 oonsilio
776 2417 913 2499 probato
939 2419 978 2477 ad
1001 2419 1099 2480 until

95 2495 135 2556 ad
159 2497 342 2577 superiores
361 2499 497 2559 totidem
515 2517 611 2557 naves
628 2496 793 2571 triremes,
808 2515 927 2577 suaque
944 2495 1058 2572 omnia,

97 2594 179 2656 quae
194 2575 319 2635 moveri
333 2587 498 2655 poterant,
518 2577 634 2655 partim
649 2574 813 2648 Salamina,
828 2575 943 2653 partim
957 2577 1059 2634 'Proe-

98 2673 176 2712 zena
198 2664 376 2734 asportant3
399 2673 506 2714 arcem
523 2652 743 2713 sacerdotibus
765 2653 939 2733 paucisque
961 2653 1058 2713 maio-

98 2730 187 2789 ribus
215 2744 291 2792 natu
317 2751 354 2791 ae
384 2751 473 2792 sacra
496 2729 698 2814 procuranda
727 2730 875 2808 tradunt,
898 2731 1059 2813 reliquum

97 2809 250 2888 oppidum
274 2810 468 2891 relinquunt.

155 2889 208 2946 111.
229 2890 332 2954 Huius
354 2888 520 2948 consilium
536 2885 700 2968 plerisque
716 2886 900 2948 civitatibus»
911 2886 1057 2970 displice·
1080 2909 1093 2946 ι

96 2965 170 3040 bat,
187 2967 267 3027 et'in
282 2979 371 3026 terra
388 2964 529 3026 dimicari
543 2965 641 3044 magis
658 2965 817 3045 placebat.
846 2969 957 3048 ltaque
973 2966 1058 3026 missi

97 3056 169 3104 sunt
192 3044 309 3105 delecti
335 3065 407 3104 cum
428 3042 587 3118 Leonida,
615 3045 938 3106 Lacedaemoniorum
961 3067 1057 3126 rogo,

98 3122 153 3204 qui
182 3123 412 3204 Thermopylas
445 3133 657 3201 occuparent,
686 3123 877 3206 longiusque
902 3123 1057 3186 barbaros

97 3202 252 3284 progredi
272 3225 336 3266 non
350 3213 547 3286 paterentur.
588 3201 631 3260 Hi
650 3200 716 3263 vim
728 3202 869 3262 hostium
890 3223 953 3266 non
965 3202 1057 3267 susti·

104 3352 298 3366 —u———uq

148 3420 175 3489 3)
200 3421 265 3472 olim
283 3425 374 3489 vulgo:
402 3423 572 3494 Numquam
590 3422 760 3488 Xerxem...
781 3423 1056 3496 1'sfia·a·etEnropno,

100 3503 157 3539 eum
174 3491 261 3541 tantis
277 3507 334 3540 eam
352 3492 438 3559 copiis
457 3494 572 3555 stavunt,
590 3504 714 3561 quaestus
732 3501 794 3558 cet,
817 3513 840 3548 v.
860 3496 919 3544 Bos.
939 3491 1046 3542 etstan.
