2524 3872
382 330 464 399 V111.
483 351 723 398 reattractus.
747 333 775 402 ³.
796 340 825 410 lt.
1045 336 1085 399 55

120 499 187 572 usi,
216 494 426 556 afficerentur
450 491 577 570 exsili03
609 497 690 553 neve.
717 493 800 556 hona
825 493 1083 575 publicarentur,

120 576 318 657 reipublicae
342 573 528 656 procuratio
575 571 671 652 epulo
698 571 901 634 redderetur.
939 577 1123 638 Praeclaaa

119 678 193 716 rum
213 654 276 714 hoc
297 593 639 736 quoqneThrasyluli,
663 652 759 734 quod,
779 655 983 716 reconciliata
996 676 1085 736 pace,

120 757 221 818 quum
245 734 418 816 plurimum
444 733 476 790 in
500 731 627 792 civitate
650 744 773 810 posset,
801 731 904 814 legem
929 735 1017 795 tulit:
1044 757 1084 796 ne

121 815 193 898 quis
214 825 443 873 anteactarum
465 830 575 870 rerum
596 823 815 884 accusaretur,
834 833 916 874 neve
934 815 1085 876 multare·

121 907 193 968 tur3
211 911 345 975 eamque
359 890 405 950 illi
420 887 588 950 oblivionis
604 885 634 968 ⁹)
649 890 857 970 appellarunt.
878 895 990 976 Neque
1005 915 1084 956 vero
1104 889 1124 950 3

120 974 203 1032 hanc
223 983 347 1031 tantum
367 967 533 1030 ferendam
555 967 693 1044 curavit,
727 968 783 1028 sed
805 971 916 1044 etiam,
942 984 980 1031 ut
1002 975 1086 1034 vale·

120 1064 189 1126 ret,
213 1049 332 1112 effecit.
356 1050 435 1108 Nam
448 1069 546 1130 quum
564 1046 691 1132 quidam
706 1069 745 1108 ex
758 1048 816 1122 his,
837 1050 891 1132 qui
905 1051 997 1110 simul
1013 1073 1086 1112 cum

122 1151 163 1192 eo
185 1131 217 1190 in
236 1129 347 1190 exsilio
369 1127 512 1201 lucrant,
534 1127 664 1188 caedem
687 1127 795 1188 facere
817 1150 930 1190 eornm
950 1130 1086 1206 vellent,

123 1233 196 1272 cuin
218 1210 333 1291 quibus
355 1208 387 1267 in
408 1207 542 1288 gratiam
562 1207 700 1268 reditum
722 1219 791 1268 erat
812 1209 954 1288 publice,
977 1209 1086 1290 prohi-

122 1291 219 1362 buit,
234 1301 266 1348 et
286 1287 335 1359 id,
356 1284 444 1369 quod
463 1286 626 1366 pollicitus
650 1299 734 1360 erat,
756 1286 924 1368 praestitit.

186 1369 241 1442 IV.
261 1364 345 1427 Huic
366 1385 427 1447 pro
449 1363 544 1425 tantis
566 1367 685 1426 meritis
706 1363 836 1428 honoris
856 1387 1007 1428 coronaa
1027 1387 1084 1448 po·
1109 1387 1122 1424 ι

122 1449 201 1529 pulo
223 1447 295 1508 data
315 1457 379 1518 est,
402 1445 486 1506 facta
506 1443 626 1506 duabus
649 1445 780 1528 virgulis
803 1447 872 1507 olea
895 1447 969 1518 inis,
991 1468 1086 1530 quam

123 1527 211 1608 quod
225 1548 313 1588 amor
327 1525 458 1606 civium,
473 1545 537 1584 non
550 1525 598 1586 vis
614 1539 831 1619 expresserat,
844 1469 961 1586 millam
975 1525 1086 1586 habuit

121 1601 285 1679 invidiam,
305 1625 480 1686 magnaque
501 1604 562 1664 fuit
582 1606 692 1686 gloria.
733 1610 822 1667 Bene
843 1627 922 1684 ergo
943 1609 1084 1670 Pittacus
1106 1620 1123 1662 a

122 1687 192 1759 ille,
213 1685 271 1767 qui
284 1695 407 1763 septem
421 1683 598 1762 sapientum
612 1703 745 1744 numero
761 1697 809 1743 est
822 1685 964 1761 habitus,
986 1706 1086 1766 quum

123 1765 153 1825 ei
166 1761 346 1842 Mytilenaei
369 1763 469 1820 multa
492 1762 588 1820 millia
609 1763 756 1841 iugerum
771 1763 837 1843 agri
850 1785 982 1825 munera
994 1765 1021 1842 ¹)
1032 1762 1085 1822 da-

123 1855 211 1913 rent,
234 1843 364 1913 Nolite,
395 1860 454 1900 oro
477 1859 553 1909 vos,
577 1839 700 1920 inquit,
724 1839 757 1898 id
781 1840 858 1898 mihi
882 1839 974 1914 dare,
997 1839 1086 1923 quod

53 1932 56 1935 '
123 1919 216 1981 multi
229 1917 406 1988 invideant,
426 1917 535 1996 plures
551 1917 645 1976 etiarn
659 1917 892 1996 concupiscant.
922 1921 1030 2000 Quare
1046 1938 1087 1978 ex

123 1999 191 2060 istis
203 1998 279 2058 nolo
295 1996 442 2077 amplius,
457 2015 552 2077 quam
566 2007 693 2054 centum
706 1995 826 2076 iugera,
843 2017 923 2076 quac
939 2009 971 2056 et
985 2017 1086 2056 meam

124 2077 217 2140 animi
230 2076 421 2158 aequitatem
436 2087 469 2135 ct
483 2085 621 2135 vestram
630 2075 825 2136 voluntatem
839 2074 987 2138 indicent.
1002 2078 1088 2136 -Nam

122 2177 224 2240 parva
244 2176 374 2216 munera
403 2155 539 2228 diutina,
568 2153 739 2234 locupletia
767 2176 831 2215 non
857 2153 989 2236 propria
1017 2175 1086 2216 esse

124 2249 369 2298 consueverunt.
395 2236 451 2294 Illa
471 2233 569 2315 igitur
589 2253 706 2294 corona
726 2246 891 2294 contentus
906 2233 1085 2312 Thrasyhu-
1106 2231 1126 2292 3

124 2318 172 2375 lus
187 2335 294 2396 neque
310 2314 441 2395 amplius
456 2313 639 2393 requisivit,
660 2332 765 2406 neque
784 2335 973 2396 quemquam
987 2314 1087 2374 hono-

123 2415 160 2456 re
185 2413 219 2454 se
238 2393 443 2454 antecessisse
460 2392 658 2452 existimavit.
685 2393 747 2452 Hic
769 2393 914 2474 sequenti
930 2404 1086 2473 tempore,
1106 2400 1127 2464 4

125 2495 224 2556 quum
245 2485 377 2564 praetor
399 2473 531 2530 classem
551 2469 591 2530 ad
607 2471 748 2530 Ciliciam
771 2472 960 2552 appulisset,
981 2491 1085 2552 neque

125 2553 200 2612 satis
226 2549 395 2632 diligenter
416 2549 582 2609 incastris
607 2551 673 2610 eius
703 2563 876 2630 agerentur
904 2550 1045 2630 vigiliae,
1068 2571 1086 2608 a

124 2630 286 2705 barbaris,
308 2649 348 2688 ex
369 2626 489 2709 oppido
510 2641 608 2689 noctu
629 2631 797 2713 eruptione
814 2629 913 2701 laeta,
933 2628 965 2686 in
980 2627 1086 2690 taber-

123 2711 239 2770 naculo
260 2706 447 2769 interfectus
470 2719 528 2768 est.

144 2860 320 2876 ψ

191 2913 221 3014 9)]
238 2927 317 3016 vulso
334 2942 670 3010 legemoblivioniseDeest
687 2944 754 2994 haec
769 2961 819 2994 vox
837 2946 864 2994 in
879 2912 1084 3010 coddGuelpli.

125 3014 176 3068 Ax.
195 3014 274 3064 Voss.
286 3013 325 3078 ΙΑ.
344 3013 379 3064 al.
398 3011 551 3076 f-,Daehm
570 3014 656 3063 Brem.
675 3013 710 3061 al.
731 3012 878 3062 eiecerunt.

105 3107 108 3114 '
196 3104 220 3171 t)
257 3106 316 3156 alii:
352 3103 466 3152 mrcneri.
502 3102 626 3150 Nostram
657 3102 818 3166 scripturam
856 3106 967 3150 tuentur
1001 3094 1082 3147 codd.

125 3171 243 3240 Guelph.
261 3173 329 3224 Dan.
347 3169 390 3221 ed.
408 3171 476 3222 lens.
496 3169 565 3218 Ultr.
581 3167 622 3220 cf.
639 3169 699 3216 Bos.
719 3174 745 3217 et
763 3167 834 3218 Stat.

521 3319 729 3336 m
