2524 3872
381 413 465 484 XIV.
487 431 654 484 narium.
673 415 810 482 u-ra.»
1036 416 1075 484 θι

124 585 186 654 est,
205 567 245 636 ‘ut
266 579 338 638 cum
359 597 438 660 rege
456 579 487 639 in
507 580 640 662 gratiam
660 575 791 638 rediret.
818 573 922 654 Quam
941 574 997 635 ille
1018 574 1119 641 ataid

122 651 214 716 iidam
232 675 296 714 non
317 657 391 718 fore
411 659 561 738 putabat,
581 669 687 717 tamen
707 654 920 716 conditionem
943 654 1078 736 accepit,

122 755 156 794 sc
179 755 221 796 ue
247 735 287 794 ad
309 737 523 799 Artaxerxem
554 737 677 817 legatos
700 734 869 794 missurum
897 733 984 794 dixit.
1026 733 1079 794 aia

122 755 259 891 bodium,
287 815 375 898 quod
407 835 466 874 rex
495 816 647 878 adversus
678 815 844 872 Datamem
873 823 1077 893 susceperat,

122 895 275 952 sedatum.
315 891 574 973 Autophradates
595 893 629 952 in
647 889 818 971 Phrygiam
836 909 871 950 se
890 893 1032 972 recepit.⁴

182 974 236 1030 tx.
259 973 303 1031 At
323 991 408 1048 rex,
422 972 511 1054 quod
529 970 728 1110 implacabile
744 968 852 1028 odium
867 969 899 1028 in
913 971 1080 1032 Datamem
1103 997 1117 1038 t

20 1095 25 1104 .
121 1061 325 1132 susceperat,
348 1065 518 1134 postquam
538 1051 580 1112 be
593 1051 626 1110 lo
650 1071 725 1110 oum
742 1047 880 1128 opprimi
899 1068 963 1108 non
982 1068 1080 1130 posse

121 1131 360 1206 animadvertit,
393 1131 513 1191 insidiis
540 1128 721 1192 interficere
749 1127 887 1190 studuit:
916 1147 994 1210 quas
1025 1129 1082 1188 ills

120 1209 227 1290 pleras
274 1229 291 1270 e
308 1209 426 1271 vitavit.
449 1210 555 1289 Sicut,
570 1231 669 1292 quum
682 1207 857 1268 nuntiatum
871 1217 972 1284 esset,
984 1227 1079 1290 quos·
1099 1227 1119 1270 a

122 1289 194 1348 dam
216 1309 242 1348 si
265 1289 276 1348 i
298 1288 454 1366 insidiari,
484 1289 539 1372 qui
569 1292 601 1350 in
626 1290 801 1349 amicorum
829 1296 919 1346 erant
944 1305 1079 1347 nurnero

123 1367 180 1447 (de
204 1368 336 1450 quihus,
357 1367 445 1450 quod
462 1369 579 1430 inimici
600 1368 798 1444 detulerant,
820 1367 926 1447 neque
947 1365 1083 1424 creden-

122 1447 216 1520 dum,
241 1467 344 1530 neque
368 1447 592 1530 negligendum
613 1446 773 1530 putavit);
797 1445 939 1524 experiri
959 1443 1081 1518 voluit,

121 1545 235 1586 verum
255 1525 410 1586 falsumne
433 1540 517 1588 esset
541 1529 684 1588 relatum.
713 1529 825 1608 Itaque
847 1543 886 1585 eo
912 1522 1120 1604 proi'cctus3

123 1615 188 1682 ost,
212 1623 278 1687 quo
300 1605 415 1666 itincre
439 1607 562 1666 iirturas
585 1607 711 1666 insidias
733 1606 887 1666 dixerant.
928 1603 994 1662 Sed
1014 1602 1080 1661 ele-

123 1685 171 1765 git
195 1704 334 1764 corpore
361 1695 394 1744 et
421 1695 542 1745 statura
566 1685 758 1744 simillimum
779 1684 843 1760 sui,
868 1681 963 1775 eique
983 1681 1081 1742 vesti·

121 1775 190 1824 tum
211 1783 303 1830 suum
327 1762 436 1840 dedit,
463 1774 558 1844 atque
580 1783 619 1822 eo
642 1763 716 1824 loco
736 1764 804 1840 ire,
827 1783 891 1844 quo
915 1781 983 1840 ipse
1006 1781 1081 1822 con·

123 1853 292 1917 sueverat,
321 1841 420 1900 iussit.
459 1842 530 1920 Ipse
560 1851 665 1900 autem
697 1851 811 1901 ornatu
840 1839 1019 1922 vestituque
1050 1839 1081 1920 ²)

122 1920 251 1980 militari
270 1919 353 1977 inter
368 1919 513 1998 corporis
530 1918 680 1978 custodes
695 1919 758 1978 iter
773 1918 883 1978 facere
900 1917 1018 1999 coepit.
1040 1919 1083 1980 At
1101 1932 1124 2000 4

13 2034 19 2042 ·
121 1997 345 2072 insidiatores,
364 2008 536 2080 postquam
556 1999 587 2057 in
609 2017 682 2057 eum
704 1999 812 2059 locum
836 2015 948 2078 agmen
967 2013 1084 2078 perve-

122 2079 189 2154 nit,
210 2075 339 2156 decepti
355 2076 465 2137 ordine
481 2087 575 2158 atque
589 2077 724 2154 vestitu,
743 2077 774 2136 in
795 2098 868 2139 eum
887 2076 1007 2137 iaciunt
1026 2078 1084 2138 im-

124 2167 251 2239 petum,
281 2156 335 2238 qui
363 2155 544 2237 suppositus
566 2167 645 2216 erat.
677 2157 1015 2234 Praedixerat-autem
1034 2157 1084 2220 his

17 2277 19 2280 >
125 2241 294 2313 Datames,
316 2253 389 2295 cum
410 2237 524 2318 quibus
544 2235 608 2296 iter
627 2235 782 2314 faciebat,
802 2249 838 2297 nt
857 2237 960 2318 parati
979 2249 1086 2300 essent

124 2316 252 2392 facere,
273 2314 362 2396 quod
381 2315 484 2396 ipsum
499 2315 660 2376 vidissent.
691 2319 780 2398 Ipse,
801 2328 838 2377 ut
852 2330 1080 2378 concurrentes
1103 2318 1124 2382 5

124 2395 325 2455 insidiatores
352 2395 590 2472 animadvertit,
614 2397 677 2456 tela
697 2397 729 2455 in
748 2417 803 2458 eos
826 2397 970 2458 coniecit.
1011 2399 1084 2460 Hoc

124 2475 211 2534 idem
225 2491 323 2553 quum
336 2471 478 2532 universi
490 2473 659 2545 iecissent,
680 2476 865 2558 priusquam
877 2475 1085 2557 pervenirent

125 2553 277 2626 adeum,
299 2569 395 2640 quem
416 2552 547 2630 aggredi
566 2555 733 2632 volebant,
754 2553 869 2615 confixi
889 2556 1085 2616 ceciderunt.

207 2631 247 2688 X.
268 2630 331 2687 Hic
349 2639 454 2687 tamen
473 2639 536 2687 tam
555 2632 686 2691 callidus
703 2633 753 2693 vir
772 2645 915 2706 extremo
935 2645 1121 2714 tempores

126 2721 238 2790 captus
259 2717 309 2767 est
325 2705 531 2783 Mithridatis,
551 2710 776 2770 Ariobarzanis
795 2711 862 2789 filii,
884 2712 973 2773 dolo.
993 2716 1086 2774 Nam·

127 2809 193 2872 que
216 2788 242 2847 is
261 2787 423 2867 pollicitus
444 2796 491 2845 est
511 2786 599 2867 regi,
623 2807 658 2846 se
683 2809 756 2849 eum
776 2790 1038 2868 interfecturum,
1059 2792 1087 2852 si

126 2870 160 2930 oi
184 2887 241 2927 rex
265 2865 485 2947 permitteret,
509 2876 563 2942 ut,
584 2868 811 2950 quodcumque
833 2869 950 2946 veliet,
971 2869 1087 2932 liceret

126 2949 257 3027 impune
271 2947 399 3019 tacere,
419 2941 579 3027 iidemque
599 2947 639 3006 de
661 2967 698 3006 ea
718 2967 773 3021 re,
793 2966 884 3020 more
904 2949 1088 3026 Persarum,
1127 3007 1131 3012 .

128 3027 242 3087 dextra
262 3023 412 3086 dedisset.
447 3023 538 3082 Hanc
557 3021 596 3082 ut'
615 3025 739 3105 recepit
760 3023 791 3104 ὃ)
816 3045 833 3084 a
853 3045 932 3106 rege
952 3028 1087 3106 missam,
1108 3045 1127 3092 s

129 3105 239 3185 copias
259 3114 367 3184 parat,
390 3111 423 3162 et
438 3102 550 3162 absens
571 3103 739 3161 amicitiam
759 3123 833 3162 cum
845 3105 979 3166 Datame
999 3107 1089 3182 facit,

129 3184 218 3266 regis
246 3181 426 3264 provincias
452 3191 565 3261 vexat,
593 3180 723 3242 castella
752 3193 928 3264 expugnat,
960 3203 1088 3266 magnas

163 3395 209 3477 ssa)
233 3397 276 3448 all.
298 3386 424 3447 omittunt
450 3396 566 3480 certitu,
591 3409 616 3444 v·
631 3389 733 3452 Datin.
753 3423 787 3441 ·-
813 3395 842 3466 3)
859 3397 894 3450 al.
911 3399 1030 3472 accepit,
1054 3399 1089 3456 ti.

131 3463 284 3584 Gumgdm.
303 3529 402 3602 Nepos.
911 3525 931 3602 6
