2564 3872
413 423 513 490 XXV·
536 442 683 488 Artatus.
703 432 732 500 A·
753 427 782 490 5·
1027 433 1080 500 tha

122 581 332 646 adolescentis
368 595 401 644 et
434 583 626 645 humanitate
655 595 688 644 et
716 584 871 646 doctrina.
911 582 964 646 Sic
999 585 1084 650 enim

123 661 246 723 Graece
284 663 497 744 loquebatur,
533 674 569 722 ιιι
605 661 738 724 Athenis
776 675 867 724 natus
905 660 1081 726 videretur.

122 745 219 802 'l‘anta
240 753 346 802 autem
366 745 502 800 suavitas
526 751 595 801 erat
617 743 770 802 sermonis
786 743 909 820 Latini,
930 755 966 804 ut
987 763 1083 826 appa·

120 833 227 898 reret,
253 821 286 880 in
311 839 350 880 eo
371 821 511 882 nativum
542 819 711 901 quemdam
737 821 884 904 leporem
905 841 992 900 esse,
1018 845 1083 887 non

122 899 285 959 adscitum.
325 897 413 957 Idem
441 903 589 979 poe'mata
615 899 840 978 pronuntiabat
861 911 894 959 et
913 921 1029 982 graece
1050 914 1083 964 et
1165 923 1184 962 ἡ
1227 931 1233 942 ι

120 979 215 1038 latine
236 978 299 1053 sic,
321 987 356 1036 ut
378 997 475 1057 supra
494 977 571 1037 nihil
591 988 703 1058 posset
718 977 800 1038 addi.
842 976 965 1064 Quibus
984 979 1082 1042 rebus
1103 1001 1121 1042 ι

119 1056 243 1118 factum
264 1066 330 1132 est,
349 1068 386 1116 ut
407 1057 495 1118 Sulla
513 1077 668 1140 nusquam
689 1051 791 1140 [eum]
814 1051 844 1136 ⁷)
865 1057 904 1116 ab
924 1076 959 1116 se
980 1057 1083 1119 dimit-

119 1147 223 1210 teret,
244 1145 444 1218 cuperetque
465 1155 574 1196 secum
596 1134 770 1217 deducere.
804 1134 870 1232 Qui
889 1155 987 1220 quum
1008 1157 1083 1218 per-

121 1215 258 1276 suadere
288 1225 444 1292 tentaret,
470 1215 554 1294 noli,
581 1234 640 1289 oro
667 1215 849 1300 tc,inqu1t
875 1216 1083 1298 Pomponius,

121 1293 291 1355 adversum
312 1313 368 1354 eos
386 1295 538 1356 mavelle
560 1293 700 1370 ducere,
721 1311 794 1354 cum
834 1295 929 1355 uibus
949 1315 991 1356 ne
1008 1315 1084 1357 con·¹

120 1385 172 1432 tra
190 1384 224 1433 te
245 1395 330 1434 arma
351 1371 491 1450 ferrem,
511 1373 631 1434 Italiam
651 1373 778 1467 reliqui.
813 1319 861 1436 (At
882 1375 986 1453 Sulla,
1008 1375 1084 1434 ado·

120 1451 270 1512 lesc'cntis
292 1449 402 1514 officio
423 1453 622 1535 collaudato,
650 1473 755 1514 omma
776 1473 908 1515 munera
930 1452 977 1532 ei,
1001 1472 1085 1536 quae

64 1556 66 1562 ¹
121 1529 254 1598 Athenis
279 1545 464 1613 acceperat,
494 1533 703 1614 proficiscens
726 1532 818 1594 iussit
847 1531 982 1594 deferri.
1020 1532 1123 1598 ilict
1205 1549 1208 1555 '

122 1611 304 1690 complures
327 1629 423 1670 annos
437 1623 596 1686 moratus,
618 1631 717 1692 quum
739 1623 773 1674 et
786 1613 836 1673 rei
849 1612 996 1673 familiari
1015 1623 1084 1672 tan·

120 1700 190 1750 tum
214 1707 335 1770 operae
358 1689 466 1766 daret,
495 1700 648 1772 quantum
669 1709 734 1749 non
758 1691 923 1772 indiligens
948 1690 1085 1752 deberet

121 1766 366 1849 paterfamilias,
393 1779 427 1828 et
454 1767 558 1828 omnia
578 1766 702 1848 reliqua
729 1777 876 1848 tempora
896 1781 950 1828 aut
972 1769 1084 1846 literis,

122 1855 177 1908 aut
212 1844 454 1906 Atheniensium
490 1845 627 1926 reipubl.
669 1845 845 1924 tribueret,
883 1846 1084 1907 nihilominus

121 1925 230 1986 amicis
251 1925 371 1985 urbana
393 1922 500 1985 officia
527 1925 699 2006 praestitit.
737 1927 817 1984 Nam
838 1938 871 1986 et
895 1925 934 1986 ad
955 1925 1084 1988 comitia
1104 1937 1124 2001 4

122 2025 237 2066 eorum
256 2003 439 2081 renatavit,
462 2018 511 2080 et,
533 2003 565 2063 si·
576 2025 637 2086 qua
651 2024 704 2064 res
722 2004 823 2064 maior
842 2015 912 2066 acta
933 2015 1000 2079 eet,
1021 2023 1083 2063 non

121 2081 244 2158 defuit3
267 2083 349 2144 sicut
371 2082 519 2144 Ciceroni
536 2083 568 2142 in
589 2083 734 2142 omnihus
759 2079 855 2166 [eius]
880 2081 911 2162 b)
931 2083 1084 2166 periculis

122 2162 315 2244 singularem
341 2162 441 2224 fidem
467 2160 635 2244 praebuit:
667 2163 719 2223 eui
747 2182 787 2223 ex
840 2163 918 2222 atria
946 2160 1084 2300 fuqienti

122 2241 408 2304 traducentem
455 2241 660 2326 uinquaginta
685 2242 782 2302 millia
806 2183 944 2304 lponavit.
1015 2247 1125 2307 ran-6

124 2319 262 2404 quillatis
287 2333 393 2384 autem
413 2343 451 2383 re
475 2341 511 2382 us
534 2321 703 2398 Romanis,
729 2323 916 2406 remigravit
939 2324 1085 2397 Romam,

48 2399 55 2408 ’
122 2411 159 2460 ut
183 2401 313 2482 opinor,
341 2405 380 2462 L.
404 2405 499 2464 Cotta
520 2403 744 2484 L.‚'Porquat0
769 2405 859 2464 Coss.
883 2421 979 2486 quem
1000 2399 1085 2460 diem

122 2479 168 2542 sic
187 2480 336 2541 universa
365 2481 473 2542 civitas
497 2480 738 2541 Atheniensium
760 2494 934 2564 prosecuta
958 2492 1027 2557 est,
1049 2490 1085 2538 ut

122 2557 260 2618 lacrimis
281 2557 433 2616 desiderii
453 2559 557 2618 futuri
577 2559 723 2619 dolorem
743 2560 908 2621 indicaret.

204 2635 248 2699 V.
277 2633 426 2695 Habebat
449 2636 640 2696 avunculum
665 2635 705 2716 Q.
728 2637 918 2714 Caecilium,
943 2637 1084 2722 equitem
1111 2657 1143 2694 ι·

123 2716 321 2788 Romanum,
358 2711 546 2774 familiarem
578 2716 615 2772 L.
647 2715 792 2791 Luculli,
824 2715 973 2792 divitem,
1004 2715 1086 2776 difli-

125 2793 241 2854 cillima
261 2804 387 2852 neutra:
411 2795 499 2853 cuius
521 2793 565 2852 sic
588 2811 619 2852 as
645 2791 790 2853 critatem
809 2794 931 2855 veritus
952 2807 1018 2871 est,
1038 2806 1086 2870 ut,

125 2892 221 2956 quem
240 2893 335 2932 nemo
356 2871 445 2932 ferre
473 2882 600 2954 posset,
650 2871 722 2931 uiua
750 2873 817 2934 sinc
845 2871 1023 2933 offensione
1046 2873 1087 2934 ad

126 2972 279 3011 summam
299 2963 496 3012 senectutem
519 2950 688 3011 retinuerit
708 2949 974 3014 benevolentiam.
1011 2951 1087 3046 Quo

125 3029 211 3090 facto
233 3029 306 3090 tulit
325 3032 453 3110 pietatis
476 3029 627 3090 fructum.
667 3031 822 3090 Caecilius
843 3030 925 3090 enim
946 3051 1085 3092 momcns
1106 3050 1125 3090 n

126 3120 313 3172 testamento
334 3111 499 3196 adoptavit
520 3128 609 3188 eum,
629 3107 848 3193 heredemque
869 3107 950 3181 fecit
967 3131 1010 3171 ex
1030 3110 1087 3170 do·

133 3259 322 3276 m

178 3349 205 3417 7)
224 3351 379 3401 Pronomen
396 3345 449 3400 hoc
468 3349 544 3402 abest
560 3367 575 3403 a
591 3349 674 3402 codd.
688 3343 804 3468 Guelph.
822 3346 898 3400 Laid.
914 3349 941 3400 B.
961 3349 1038 3400 Voss.
1053 3347 1084 3404 C.

127 3419 208 3535 ῑάθ)
226 3425 323 3470 carent
338 3415 392 3468 hoo
406 3421 568 3484 pronomine
588 3418 669 3472 codd.
688 3419 750 3472 Men
772 3415 873 3469 ‚teta
893 3417 921 3468 Β.
937 3417 1002 3486 qdd.
1022 3425 1084 3472 vett.

128 3502 143 3537 ο
183 3519 190 3535 .
