2564 3872
205 415 260 473 sbti
438 425 653 472 rnacnnnrn.
676 426 746 470 cae.
768 428 825 470 ιιι.
846 429 914 470 xru.

200 584 233 632 et
260 567 413 629 habentes
437 575 471 626 et
493 564 684 645 praebentes
709 563 861 628 molestiis
891 565 1070 629 desistere?
1100 587 1156 630 cc-

138 703 143 711 .
200 647 327 731 quando
366 663 408 764 pe
449 643 581 704 udescet
614 643 773 706 miscenda
806 655 902 725 atque
935 645 1157 726 perturbanda

200 725 382 806 republica.
446 722 486 782 ed
514 720 541 781 si
568 721 694 784 omnino
718 723 752 784 id
770 719 842 782 lieri
862 741 925 782 non
945 729 1071 803 potest,
1097 725 1155 784 ubi

201 826 262 886 ego
287 812 412 863 mortua
425 820 503 868 ero,
522 799 624 881 petito
644 801 855 876 tribunatum,
876 813 951 881 post
970 822 1022 862 mc
1041 803 1153 876 facito,

200 882 288 966 quod
306 878 445 954 lubebit,
474 898 571 960 quum
595 898 657 961 ego
684 900 747 940 non
767 879 907 942 sentiam.
946 880 1009 940 Ubi
1029 893 1155 943 mortua

200 981 277 1036 cro,
305 957 485 1040 parentabis
510 957 643 1018 mihist
670 955 830 1019 invocabis
854 959 960 1019 Deum
979 972 1155 1040 parentem.

200 1042 235 1099 lu
255 1059 296 1099 co
315 1049 463 1115 tempore
482 1055 546 1096 uon
559 1035 661 1118 pudet
680 1048 713 1097 te
735 1055 847 1097 eorum
866 1037 972 1096 Deum
992 1057 1107 1118 praeca
1125 1037 1155 1115 ¹)

201 1129 366 1197 expetere,
408 1135 467 1176 uos
482 1115 573 1176 vivos
590 1123 621 1174 at
666 1125 892 1195 epraesentcs,
907 1115 1036 1176 relictos
1058 1127 1156 1196 atque

200 1196 345 1274 desertos
364 1192 404 1252 ha
426 1191 535 1252 ueris?
555 1191 602 1253 Ne
649 1193 679 1252 le
694 1191 775 1254 sinat
794 1193 914 1274 Iupiter
933 1205 966 1254 tc
987 1213 1024 1256 ea
1044 1211 1155 1286 perse·
1260 1192 1268 1222 '¹

199 1292 314 1336 verare
337 1291 397 1331 uec
416 1271 477 1331 tihi
495 1283 612 1332 tantam
624 1269 814 1332 dementiam
836 1272 944 1336 venire
958 1271 990 1332 in
1009 1293 1158 1346 animum,

202 1363 244 1426 ct,
267 1352 294 1411 ei
338 1369 521 1425 crscvcras,
546 1349 681 1424 vereor,
704 1368 745 1410 ne
768 1349 800 1408 in
824 1369 950 1410 omnem
976 1349 1069 1410 vitam
1089 1360 1157 1408 tan·
1260 1379 1263 1385 ·

201 1441 268 1492 tum
288 1371 406 1490 leheris
427 1429 522 1508 culpa
542 1440 597 1488 tua
611 1427 766 1512 recipias,
785 1427 832 1489 uti
846 1427 879 1488 iu
898 1427 988 1491 nullo
1008 1438 1157 1509 tompore
1265 1423 1269 1446 ¹

201 1519 271 1570 tute
294 1507 352 1569 tibi
370 1507 499 1588 plaeere
520 1507 632 1589 possis.

531 1635 820 1708 cancrum.

265 1761 336 1812 llaec
353 1759 408 1811 duo
427 1761 622 1827 fragmentum
640 1758 701 1812 cod.
720 1762 831 1826 antiquo
850 1759 1091 1830 Gnelpherbytano
1111 1757 1156 1808 ci·

202 1831 307 1880 cernuis
334 1831 485 1880 orationum
514 1827 725 1895 Philippicarum
748 1828 870 1878 deaumta
895 1829 917 1876 1.
943 1829 988 1878 Fr.
1011 1825 1158 1890 Heusinger
1269 1885 1270 1900 χ

202 1898 302 2012 primus
321 1895 415 1947 edidit.
443 1897 576 1963 Excerpta
594 1910 650 1946 esse
675 1893 802 1946 dicuntur
820 1909 852 1946 ex
869 1895 989 1973 Cornelii
1007 1893 1041 1946 da
1058 1893 1162 1950 Latinis¹

223 1963 335 2014 istoricis
352 1963 433 2014 libro.

167 2117 179 2154 ι
281 2095 352 2154 Νοη
374 2093 522 2174 ignorare
543 2093 643 2157 debes
662 2115 760 2156 uuum
783 2093 846 2156 hoc
861 2113 960 2175 genus
975 2093 1158 2154 Latinarum

203 2171 367 2232 literarum
388 2171 489 2232 adhuc
512 2193 576 2234 uon
591 2175 687 2235 modo
702 2194 766 2234 non
780 2172 977 2254 respondere
993 2170 1160 2246 Graeciae,
1177 2197 1180 2209 ·

203 2252 260 2310 sed
290 2250 415 2310 omnino
439 2250 521 2310 rude
547 2265 641 2335 atque
665 2251 846 2315 inchoatum
867 2262 971 2312 morte
996 2247 1159 2312 Ciceronis

203 2329 360 2390 relictum.
383 2327 441 2406 Ille
464 2329 547 2388 enim
570 2331 742 2405 fuitmus,
766 2331 822 2412 qui
842 2329 986 2411 potuerit
1009 2339 1042 2388 et
1064 2328 1159 2388 ctiam

203 2405 353 2470 debuerit
374 2403 537 2464 historiam
565 2407 659 2487 digne
681 2427 762 2468 voce
790 2407 1010 2488 pronuntiare:
1038 2406 1159 2488 quippe

158 2489 161 2495 “
203 2483 259 2568 qui
286 2483 457 2544 oratoriam
483 2481 696 2567 eloquentiam
721 2486 837 2546 rudem
863 2507 882 2547 a
908 2486 1081 2546 maioribus
1108 2503 1159 2544 ac*

203 2573 328 2642 ceptam
361 2561 594 2642 perpoliverit,
632 2563 883 2647 philosophiam,
911 2575 981 2635 ante
1011 2584 1084 2624 cum
1113 2563 1160 2621 in·

203 2651 359 2708 condam,
386 2639 526 2702 Latinam
556 2663 612 2704 sua
641 2643 890 2706 conformaverit
916 2642 1070 2704 oratione.
1110 2641 1160 2700 Ex

204 2739 268 2803 quo
291 2717 419 2793 dubito,
441 2720 571 2782 interitu
586 2722 653 2784 cius
670 2734 777 2782 utrum
792 2721 990 2804 respublica,
1010 2741 1049 2784 cn
1062 2720 1160 2780 hiato-

204 2799 251 2858 ria
273 2801 371 2879 magis
393 2797 512 2860 doleat.

166 2895 183 2937 n
282 2877 443 2956 Locuples
460 2895 495 2936 ac
517 2877 628 2939 diviua¹
641 2891 769 2956 natura,
791 2900 855 2961 quo
877 2877 1029 2940 maiorem
1043 2877 1091 2938 aui
1107 2898 1160 2958 pa-

204 2965 293 3015 reret
311 2954 548 3048 admirationem
563 2958 851 3039 ponderatioraquc
869 2979 925 3018 sun
945 2967 1049 3016 essent
1065 2955 1160 3014 bene·

205 3033 291 3107 licia,
322 3051 428 3112 neque
458 3056 513 3093 um
541 3037 646 3097 omnia
676 3035 753 3098 darc
783 3055 842 3098 nec
873 3054 984 3098 rursus
1014 3033 1160 3119 cuiquam

205 3111 308 3174 omnia
325 3110 573 3195 voluituegare.

196 3225 363 3246 —*

16 3293 35 3337 *l
217 3284 243 3354 r)
262 3285 283 3334 1.
300 3286 344 3336 Fr.
363 3283 481 3334 Gronov.
500 3283 617 3335 coniecit
632 3298 724 3352 passa.
754 3287 760 3297 ’
780 3269 782 3272 ’
