2564 3872
40 1369 42 1372 ·
138 1373 209 1413 mos
230 1356 364 1436 stirpem

417 400 531 464 xv111.
550 420 714 486 uubanus,
738 399 765 476 b,
786 423 815 482 7.
1046 424 1102 484 ¹⁰7

140 557 338 639 consultum,
357 571 465 626 utrum
484 561 660 644 repetitum
682 559 901 636 Macedoniam
923 559 953 641 θ)
975 561 1100 624 veniret

138 639 226 776 gnam
246 650 315 699 tum
335 641 367 702 in
387 643 488 724 Epiro
506 639 684 719 habitabat)
710 652 744 704 et
767 661 820 701 eas
840 661 894 704 res
909 651 1099 720 occuparet:

164 718 218 778 uio
231 717 286 779 ille
299 720 438 800 primum
454 723 567 794 suasit,
587 740 628 780 ne
644 732 859 797 semoveret,
881 732 914 782 et
935 731 1099 800 exspecta·
1119 739 1138 782 ι

139 807 209 875 ret,
267 799 353 860 uoad
379 800 553 860 Alexandri
576 796 659 859 filius
688 820 823 880 regnum
850 799 1099 880 adipisceretur3

138 876 188 936 sin
229 819 333 960 aliqua
371 879 544 960 eupiditate
582 877 756 972 raperetur
791 878 824 940 iu
865 879 1101 956 Macedoniam,

138 956 282 1016 omnium
311 957 498 1018 iniuriarum
532 958 797 1036 oblivtsceretur,
825 970 857 1022 et
886 959 918 1018 in
932 959 1102 1020 nemiuem

138 1035 307 1098 acerbiore
331 1049 480 1098 uteretur
506 1038 652 1119 imperio.
691 1037 822 1103 Hornm‘
838 1037 892 1099 illa
914 1037 992 1098 nihil
1012 1037 1140 1105 fecitll

138 1118 220 1175 Nam
244 1127 277 1179 et
302 1117 334 1178 in
354 1117 572 1180 Macedoniam
595 1117 744 1200 profecta
769 1129 834 1196 est,
865 1129 898 1190 et
918 1117 962 1178 ibi
986 1117 1101 1182 crude·

136 1195 258 1256 lissime
282 1217 316 1258 se
338 1199 445 1278 gessit.
485 1199 582 1259 Petiit
603 1211 710 1262 autem
730 1197 770 1258 ab
794 1200 938 1262 Eumene
959 1196 1101 1275 absente,

138 1295 180 1335 ne
204 1287 385 1359 pateretur,
413 1277 555 1360 Philippi
574 1277 687 1341 domus
712 1289 745 1340 et
767 1277 905 1338 familiae
926 1277 1101 1338 inimicissi-

429 1379 514 1442 oque
534 1359 720 1420 interimere
742 1355 791 1438 ⁷),
812 1357 981 1442 ferretque
999 1376 1100 1436 „opem

131 1433 248 1494 liberis
271 1378 454 1498 vdlaamidli.
478 1438 583 1525 Quam
599 1439 724 1502 veniam
745 1437 771 1500 si
791 1439 900 1514 daret,
921 1458 1015 1520 quam
1035 1434 1100 1516 pri·
1119 1443 1139 1512 4

134 1535 226 1572 ¹mum
247 1517 405 1579 exereitus
420 1530 566 1600 pararet,
587 1540 668 1602 quos
686 1519 746 1578 sibi
759 1517 899 1584 subsidio
916 1515 1100 1577 adduceret.

139 1593 177 1652 ld
204 1614 270 1675 quo
293 1594 420 1657 facilius
441 1598 583 1674 laceret,
605 1619 640 1660 se
663 1598 808 1658 omnibus
828 1596 1021 1680 praefectis,
1045 1594 1100 1678 qui

139 1673 173 1733 in
193 1671 304 1734 officio
328 1677 513 1748 manebant,
534 1677 656 1736 misisse
678 1677 803 1746 literas,
826 1689 863 1738 ut
884 1676 914 1738 ei
934 1687 1098 1756 parerent,

139 1753 274 1837 eiusque
290 1756 427 1817 consiliis
447 1766 625 1815 uterentur.
650 1755 708 1812 His
730 1753 825 1814 rebus
846 1757 1006 1814 Eumenes
1027 1759 1141 1839 per-5

137 1845 246 1895 motus
273 1835 370 1894 satius
401 1834 507 1908 duxit,
539 1833 566 1892 si
592 1834 637 1894 ita
661 1833 786 1894 tulisset
816 1831 962 1910 fortuna,
993 1833 1101 1912 perire

139 1912 225 2005 bene
254 1913 391 1976 meritis*
409 1910 608 1976 referentem
637 1911 788 1995 gratiam,
815 1931 910 1996 quam
943 1911 1102 1993 ingratum

130 2009 263 2056 rivere.

183 2099 187 2106 ·
221 2071 290 2134 Vll.
325 2073 436 2155 ltaque
464 2071 571 2154 copias
596 2071 771 2150 contraxit,
801 2070 923 2131 bellum
946 2067 1139 2131 adversust

89 2200 91 2203 .
140 2151 336 2232 Antigonum
357 2152 564 2234 comparavit.
598 2153 697 2234 Quod
720 2173 782 2215 una
803 2161 894 2213 erant
910 2149 1102 2210 Macedones

112 2286 114 2290 .
142 2231 325 2310 complures
355 2231 497 2311 nobiles,
522 2233 626 2297 iubis
651 2235 847 2304 Peucestes,
875 2230 930 2324 qui
954 2229 1102 2309 corporis

142 2321 248 2371 custos
269 2310 382 2372 fuerat·
397 2312 588 2380 Alexandri,
610 2325 679 2373 tum
697 2325 802 2374 autem
818 2310 984 2374 obtinebat
996 2309 1103 2372 Persi-

141 2390 231 2464 dem,
258 2403 292 2451 et
314 2392 506 2471 Antigenes,
529 2395 618 2454 euius
640 2393 698 2457 sub
719 2393 854 2474 imperio
875 2391 1012 2474 phalanx
1034 2400 1103 2452 erat

141 2470 351 2530 Macedonum
359 2483 374 2546 3'
389 2473 536 2534 invidiam
551 2493 683 2549 verens,
705 2473 817 2568 (quam
831 2484 938 2538 tamen
954 2467 1103 2548 effugere

141 2569 204 2608 non
226 2548 371 2628 potuit,)
393 2552 420 2610 si
440 2553 546 2634 potius
568 2553 637 2632 ipse
651 2552 826 2634 alienigena
847 2549 961 2612 summi
975 2547 1103 2628 imperii

141 2629 321 2709 potiretur,
344 2649 438 2722 quam
459 2631 511 2690 alii
533 2628 563 2707 8)
578 2631 799 2706 Macedonum,
822 2647 961 2712 quorum
975 2627 1019 2687 ibi
1034 2639 1103 2688 erat

131 2708 329 2770 ¹multitudo:
351 2730 383 2768 m
403 2709 565 2790 principiis
586 2710 712 2770 nomine
734 2707 908 2772 Alexandri
928 2705 1036 2766 statuit
1056 2719 1102 2767 ta·
1123 2724 1141 2764 a

140 2787 364 2864 bernaeulnm,
389 2789 420 2848 in
445 2809 550 2871 eoque
577 2789 688 2850 sellam
718 2809 848 2850 auream
872 2806 946 2849 oum
974 2798 1102 2867 sceptro

143 2886 179 2926 ae
201 2866 378 2928 diademate
393 2869 482 2928 iussit
495 2869 590 2948 poni,
616 2888 656 2936 ea
681 2889 722 2930 ue
737 2889 847 2930 omnes
863 2864 1007 2950 quotidie
1029 2885 1103 2926 con-

143 2945 271 3018 venire,
293 2957 329 3008 ut
350 2946 395 3013 ibi
418 2948 458 3011 de
480 2947 609 3012 summis
631 2969 667 3015 re
691 2967 728 3010 us
749 2948 878 3012 consilia
892 2957 1101 3028 caperentur3

163 3087 335 3100 ...nnn—ann·-

133 3151 135 3164 ³
192 3159 222 3228 6)
257 3159 307 3223 Ax,
341 3157 458 3228 Guelph.
493 3162 526 3210 al.
558 3164 651 3210 utrum
682 3152 827 3228 repetitum
856 3160 886 3209 in
912 3157 1104 3210 Macedoniam

143 3233 206 3282 veis.
225 3227 287 3278 edd.
306 3229 420 3294 Longol.
439 3227 501 3282 Ald.
522 3230 557 3279 al.
582 3238 674 3277 utrum
698 3228 837 3295 repetitam
858 3229 888 3278 iu
909 3225 1017 3287 Maced.
1041 3245 1103 3276 ven.

144 3297 178 3346 cs.
197 3295 299 3348 Daehn.
326 3325 357 3335 -
385 3295 412 3364 7)
436 3296 497 3348 oud.
517 3297 605 3346 Ernst.
625 3295 687 3348 edd.
705 3297 821 3361 Longol,
840 3295 907 3345 Titz.
927 3296 1104 3354 amarissimos

143 3366 275 3424 interire,
310 3366 414 3424 omissis
448 3382 487 3414 vv.
521 3367 633 3432 stirpem
667 3378 785 3432 (jusque.
832 3363 932 3416 Nostra
972 3363 1106 3432 scripture

144 3431 298 3483 defenditur
318 3424 534 3498 codd.'ssuelph.
553 3434 646 3482 lioecl.
665 3429 756 3490 Mende
774 3431 852 3484 Vnst·
871 3432 905 3482 al.

117 3522 120 3527 ·
196 3498 225 3567 tl)
245 3501 312 3550 Titi.
333 3517 416 3569 quom
433 3501 537 3569 aliquis
552 3497 666 3560 altered.
