<?xml version="1.0" encoding="UTF-8"?>
<!DOCTYPE html PUBLIC "-//W3C//DTD XHTML 1.0 Transitional//EN"
    "http://www.w3.org/TR/xhtml1/DTD/xhtml1-transitional.dtd">
<html xmlns="http://www.w3.org/1999/xhtml" xml:lang="en" lang="en">
 <head>
  <title>
</title>
<meta http-equiv="Content-Type" content="text/html;charset=utf-8" />
  <meta name='ocr-system' content='tesseract 3.04.00' />
  <meta name='ocr-capabilities' content='ocr_page ocr_carea ocr_par ocr_line ocrx_word'/>
</head>
<body>
  <div class='ocr_page' id='page_1' title='image "./quaeexstantadop00nepogoog_0166.png"; bbox 0 0 2564 3872; ppageno 0'>
   <div class='ocr_carea' id='block_1_1' title="bbox 179 415 850 478">
    <p class='ocr_par' dir='ltr' id='par_1_1' title="bbox 179 415 850 478">
     <span class='ocr_line' id='line_1_1' title="bbox 179 415 850 478; baseline -0.007 -3"><span class='ocrx_word' id='word_1_1' title='bbox 179 415 238 478; x_wconf 66' lang='lat' dir='ltr'>nott</span> <span class='ocrx_word' id='word_1_2' title='bbox 458 429 673 476; x_wconf 71' lang='lat' dir='ltr'>retentans.</span> <span class='ocrx_word' id='word_1_3' title='bbox 696 429 780 470; x_wconf 78' lang='lat' dir='ltr'>car.</span> <span class='ocrx_word' id='word_1_4' title='bbox 803 429 850 470; x_wconf 81' lang='lat' dir='ltr'>ur.</span> 
     </span>
    </p>
   </div>
   <div class='ocr_carea' id='block_1_2' title="bbox 138 589 1145 842">
    <p class='ocr_par' dir='ltr' id='par_1_2' title="bbox 138 589 1145 842">
     <span class='ocr_line' id='line_1_2' title="bbox 271 589 912 661; baseline -0.014 -15"><span class='ocrx_word' id='word_1_5' title='bbox 271 623 273 630; x_wconf 89' lang='lat'>-</span> <span class='ocrx_word' id='word_1_6' title='bbox 371 591 753 661; x_wconf 55' lang='lat' dir='ltr'>sustenementum</span> <span class='ocrx_word' id='word_1_7' title='bbox 775 589 912 639; x_wconf 75' lang='lat' dir='ltr'>rostro.</span> 
     </span>
     <span class='ocr_line' id='line_1_3' title="bbox 138 691 1145 842; baseline -0.01 -69"><span class='ocrx_word' id='word_1_8' title='bbox 138 727 157 773; x_wconf 70' lang='lat' dir='ltr'>e</span> <span class='ocrx_word' id='word_1_9' title='bbox 257 703 426 842; x_wconf 45' lang='lat' dir='ltr'>Carthago,</span> <span class='ocrx_word' id='word_1_10' title='bbox 442 715 533 778; x_wconf 81' lang='lat' dir='ltr'>antea</span> <span class='ocrx_word' id='word_1_11' title='bbox 561 705 699 788; x_wconf 86' lang='lat' dir='ltr'>speciem</span> <span class='ocrx_word' id='word_1_12' title='bbox 726 703 835 768; x_wconf 86' lang='lat' dir='ltr'>habuit</span> <span class='ocrx_word' id='word_1_13' title='bbox 856 703 991 797; x_wconf 74' lang='lat' dir='ltr'>‹litlilicis</span> <span class='ocrx_word' id='word_1_14' title='bbox 1013 691 1145 796; x_wconf 64' lang='lat' dir='ltr'>oppidi,</span> 
     </span>
    </p>
   </div>
   <div class='ocr_carea' id='block_1_3' title="bbox 137 783 1156 2767">
    <p class='ocr_par' dir='ltr' id='par_1_3' title="bbox 176 783 1140 1102">
     <span class='ocr_line' id='line_1_4' title="bbox 179 783 1137 872; baseline -0.002 -26"><span class='ocrx_word' id='word_1_15' title='bbox 179 787 269 872; x_wconf 86' lang='lat' dir='ltr'>quasi</span> <span class='ocrx_word' id='word_1_16' title='bbox 300 785 363 844; x_wconf 86' lang='lat' dir='ltr'>aliu</span> <span class='ocrx_word' id='word_1_17' title='bbox 414 783 547 844; x_wconf 89' lang='lat' dir='ltr'>alterum</span> <span class='ocrx_word' id='word_1_18' title='bbox 575 787 839 865; x_wconf 74' lang='lat' dir='ltr'>amplecteretur,</span> <span class='ocrx_word' id='word_1_19' title='bbox 876 803 965 843; x_wconf 82' lang='lat' dir='ltr'>cuius</span> <span class='ocrx_word' id='word_1_20' title='bbox 1001 785 1137 844; x_wconf 76' lang='lat' dir='ltr'>interior</span> 
     </span>
     <span class='ocr_line' id='line_1_5' title="bbox 176 858 1137 949; baseline -0.004 -23"><span class='ocrx_word' id='word_1_21' title='bbox 176 888 249 949; x_wconf 83' lang='lat' dir='ltr'>pars</span> <span class='ocrx_word' id='word_1_22' title='bbox 274 868 373 949; x_wconf 76' lang='lat' dir='ltr'>Byrsa</span> <span class='ocrx_word' id='word_1_23' title='bbox 400 858 583 944; x_wconf 72' lang='lat' dir='ltr'>dicebatur,</span> <span class='ocrx_word' id='word_1_24' title='bbox 613 866 754 926; x_wconf 78' lang='lat' dir='ltr'>exterior</span> <span class='ocrx_word' id='word_1_25' title='bbox 775 861 915 944; x_wconf 78' lang='lat' dir='ltr'>illegalia.</span> <span class='ocrx_word' id='word_1_26' title='bbox 957 863 1061 920; x_wconf 82' lang='lat' dir='ltr'>liuius</span> <span class='ocrx_word' id='word_1_27' title='bbox 1090 862 1137 922; x_wconf 88' lang='lat' dir='ltr'>rei</span> 
     </span>
     <span class='ocr_line' id='line_1_6' title="bbox 176 941 1140 1026; baseline -0.005 -22"><span class='ocrx_word' id='word_1_28' title='bbox 176 945 265 1006; x_wconf 87' lang='lat' dir='ltr'>testis</span> <span class='ocrx_word' id='word_1_29' title='bbox 281 957 329 1004; x_wconf 87' lang='lat' dir='ltr'>est</span> <span class='ocrx_word' id='word_1_30' title='bbox 343 943 439 1003; x_wconf 87' lang='lat' dir='ltr'>Corn.</span> <span class='ocrx_word' id='word_1_31' title='bbox 454 941 561 1024; x_wconf 85' lang='lat' dir='ltr'>Nepos</span> <span class='ocrx_word' id='word_1_32' title='bbox 582 941 612 1003; x_wconf 91' lang='lat' dir='ltr'>in</span> <span class='ocrx_word' id='word_1_33' title='bbox 633 965 671 1003; x_wconf 92' lang='lat' dir='ltr'>eo</span> <span class='ocrx_word' id='word_1_34' title='bbox 690 943 783 1020; x_wconf 85' lang='lat' dir='ltr'>libro,</span> <span class='ocrx_word' id='word_1_35' title='bbox 805 944 859 1026; x_wconf 87' lang='lat' dir='ltr'>qui</span> <span class='ocrx_word' id='word_1_36' title='bbox 874 943 947 1005; x_wconf 82' lang='lat' dir='ltr'>Vita</span> <span class='ocrx_word' id='word_1_37' title='bbox 962 943 1140 1019; x_wconf 29' lang='lat' dir='ltr'>illustrium·</span> 
     </span>
     <span class='ocr_line' id='line_1_7' title="bbox 176 1022 814 1102; baseline -0.005 -17"><span class='ocrx_word' id='word_1_38' title='bbox 176 1023 369 1086; x_wconf 85' lang='lat' dir='ltr'>inscribitur.</span> <span class='ocrx_word' id='word_1_39' title='bbox 409 1023 527 1081; x_wconf 79' lang='lat' dir='ltr'>Servius</span> <span class='ocrx_word' id='word_1_40' title='bbox 548 1022 587 1082; x_wconf 80' lang='lat' dir='ltr'>ad</span> <span class='ocrx_word' id='word_1_41' title='bbox 607 1024 629 1082; x_wconf 91' lang='lat' dir='ltr'>l.</span> <span class='ocrx_word' id='word_1_42' title='bbox 648 1025 726 1084; x_wconf 83' lang='lat' dir='ltr'>Aen.</span> <span class='ocrx_word' id='word_1_43' title='bbox 743 1026 814 1102; x_wconf 79' lang='lat'>372.</span> 
     </span>
    </p>

    <p class='ocr_par' dir='ltr' id='par_1_4' title="bbox 178 1097 1139 1260">
     <span class='ocr_line' id='line_1_8' title="bbox 255 1097 1139 1182; baseline -0.001 -20"><span class='ocrx_word' id='word_1_44' title='bbox 255 1101 392 1182; x_wconf 76' lang='lat' dir='ltr'>Propius</span> <span class='ocrx_word' id='word_1_45' title='bbox 429 1097 642 1164; x_wconf 74' lang='lat' dir='ltr'>Grammatico</span> <span class='ocrx_word' id='word_1_46' title='bbox 677 1103 805 1164; x_wconf 86' lang='lat' dir='ltr'>accessi.</span> <span class='ocrx_word' id='word_1_47' title='bbox 847 1099 1003 1162; x_wconf 75' lang='lat' dir='ltr'>Diomedes</span> <span class='ocrx_word' id='word_1_48' title='bbox 1032 1099 1090 1162; x_wconf 89' lang='lat' dir='ltr'>lib.</span> <span class='ocrx_word' id='word_1_49' title='bbox 1111 1101 1139 1161; x_wconf 78' lang='grc' dir='ltr'>Ι.</span> 
     </span>
     <span class='ocr_line' id='line_1_9' title="bbox 178 1182 844 1260; baseline -0.017 -18"><span class='ocrx_word' id='word_1_50' title='bbox 178 1182 348 1242; x_wconf 88' lang='lat' dir='ltr'>Grammat.</span> <span class='ocrx_word' id='word_1_51' title='bbox 371 1201 403 1260; x_wconf 86' lang='lat' dir='ltr'>p.</span> <span class='ocrx_word' id='word_1_52' title='bbox 423 1183 493 1252; x_wconf 75' lang='lat'><strong>405·</strong></span> <span class='ocrx_word' id='word_1_53' title='bbox 679 1231 682 1234; x_wconf 87' lang='lat'>.</span> <span class='ocrx_word' id='word_1_54' title='bbox 842 1199 844 1205; x_wconf 94' lang='lat'>·</span> 
     </span>
    </p>

    <p class='ocr_par' dir='ltr' id='par_1_5' title="bbox 137 1255 1156 2767">
     <span class='ocr_line' id='line_1_10' title="bbox 137 1255 1137 1339; baseline -0.003 -17"><span class='ocrx_word' id='word_1_55' title='bbox 137 1262 156 1327; x_wconf 79' lang='grc'><strong>3</strong></span> <span class='ocrx_word' id='word_1_56' title='bbox 258 1259 409 1334; x_wconf 85' lang='lat' dir='ltr'>Albinus,</span> <span class='ocrx_word' id='word_1_57' title='bbox 439 1257 495 1339; x_wconf 87' lang='lat' dir='ltr'>qui</span> <span class='ocrx_word' id='word_1_58' title='bbox 520 1277 592 1320; x_wconf 88' lang='lat' dir='ltr'>cum</span> <span class='ocrx_word' id='word_1_59' title='bbox 619 1259 656 1320; x_wconf 87' lang='lat' dir='ltr'>L.</span> <span class='ocrx_word' id='word_1_60' title='bbox 677 1255 813 1337; x_wconf 82' lang='lat' dir='ltr'>Lucullo</span> <span class='ocrx_word' id='word_1_61' title='bbox 834 1258 949 1336; x_wconf 63' lang='lat' dir='ltr'>⁴consul</span> <span class='ocrx_word' id='word_1_62' title='bbox 974 1257 1054 1329; x_wconf 81' lang='lat' dir='ltr'>suit,</span> <span class='ocrx_word' id='word_1_63' title='bbox 1084 1279 1137 1319; x_wconf 85' lang='lat' dir='ltr'>res</span> 
     </span>
     <span class='ocr_line' id='line_1_11' title="bbox 176 1331 1146 1421; baseline -0.003 -21"><span class='ocrx_word' id='word_1_64' title='bbox 176 1339 333 1402; x_wconf 85' lang='lat' dir='ltr'>Romanas</span> <span class='ocrx_word' id='word_1_65' title='bbox 357 1338 500 1398; x_wconf 86' lang='lat' dir='ltr'>oratione</span> <span class='ocrx_word' id='word_1_66' title='bbox 520 1337 641 1400; x_wconf 88' lang='lat' dir='ltr'>Graeca</span> <span class='ocrx_word' id='word_1_67' title='bbox 664 1331 859 1421; x_wconf 83' lang='lat' dir='ltr'>scriptitavit.</span> <span class='ocrx_word' id='word_1_68' title='bbox 894 1341 928 1398; x_wconf 89' lang='lat' dir='ltr'>ln</span> <span class='ocrx_word' id='word_1_69' title='bbox 950 1340 1017 1398; x_wconf 89' lang='lat' dir='ltr'>cius</span> <span class='ocrx_word' id='word_1_70' title='bbox 1038 1338 1146 1412; x_wconf 63' lang='lat' dir='ltr'>histo,</span> 
     </span>
     <span class='ocr_line' id='line_1_12' title="bbox 177 1417 1135 1500; baseline -0.003 -20"><span class='ocrx_word' id='word_1_71' title='bbox 177 1421 244 1481; x_wconf 82' lang='lat' dir='ltr'>riae</span> <span class='ocrx_word' id='word_1_72' title='bbox 278 1417 433 1499; x_wconf 87' lang='lat' dir='ltr'>principio</span> <span class='ocrx_word' id='word_1_73' title='bbox 469 1417 623 1499; x_wconf 85' lang='lat' dir='ltr'>scriptum</span> <span class='ocrx_word' id='word_1_74' title='bbox 650 1427 709 1500; x_wconf 55' lang='lat'>9⁸².</span> <span class='ocrx_word' id='word_1_75' title='bbox 745 1417 898 1480; x_wconf 87' lang='lat' dir='ltr'>ad&#39;hanc</span> <span class='ocrx_word' id='word_1_76' title='bbox 933 1419 1135 1478; x_wconf 81' lang='lat' dir='ltr'>senteutiam:</span> 
     </span>
     <span class='ocr_line' id='line_1_13' title="bbox 177 1497 1139 1578; baseline -0.004 -19"><span class='ocrx_word' id='word_1_77' title='bbox 177 1497 324 1560; x_wconf 74' lang='lat' dir='ltr'>ll&#39;crnine&#39;m</span> <span class='ocrx_word' id='word_1_78' title='bbox 347 1515 512 1578; x_wconf 78' lang='lat' dir='ltr'>succensere</span> <span class='ocrx_word' id='word_1_79' title='bbox 532 1497 589 1554; x_wconf 78' lang='lat' dir='ltr'>stit</span> <span class='ocrx_word' id='word_1_80' title='bbox 609 1505 775 1566; x_wconf 78' lang='lat' dir='ltr'>convenire,</span> <span class='ocrx_word' id='word_1_81' title='bbox 794 1506 821 1557; x_wconf 85' lang='lat' dir='ltr'>si</span> <span class='ocrx_word' id='word_1_82' title='bbox 842 1499 914 1578; x_wconf 82' lang='lat' dir='ltr'>quid</span> <span class='ocrx_word' id='word_1_83' title='bbox 932 1504 961 1554; x_wconf 84' lang='lat' dir='ltr'>iu</span> <span class='ocrx_word' id='word_1_84' title='bbox 984 1497 1031 1556; x_wconf 78' lang='lat' dir='ltr'>leis</span> <span class='ocrx_word' id='word_1_85' title='bbox 1054 1499 1139 1555; x_wconf 80' lang='lat' dir='ltr'>libris</span> 
     </span>
     <span class='ocr_line' id='line_1_14' title="bbox 176 1571 1156 1659; baseline -0.003 -24"><span class='ocrx_word' id='word_1_86' title='bbox 176 1598 283 1659; x_wconf 83' lang='lat' dir='ltr'>porum</span> <span class='ocrx_word' id='word_1_87' title='bbox 301 1571 484 1654; x_wconf 56' lang='lat' dir='ltr'>composite,</span> <span class='ocrx_word' id='word_1_88' title='bbox 507 1586 560 1632; x_wconf 86' lang='lat' dir='ltr'>aut</span> <span class='ocrx_word' id='word_1_89' title='bbox 587 1581 679 1634; x_wconf 72' lang='lat' dir='ltr'>mirum</span> <span class='ocrx_word' id='word_1_90' title='bbox 703 1577 853 1654; x_wconf 54' lang='lat' dir='ltr'>elementer</span> <span class='ocrx_word' id='word_1_91' title='bbox 878 1584 1019 1652; x_wconf 82' lang='lat' dir='ltr'>scriptum</span> <span class='ocrx_word' id='word_1_92' title='bbox 1038 1577 1156 1656; x_wconf 42' lang='lat' dir='ltr'>joret,</span> 
     </span>
     <span class='ocr_line' id='line_1_15' title="bbox 177 1652 1138 1736; baseline 0.004 -23"><span class='ocrx_word' id='word_1_93' title='bbox 177 1657 255 1720; x_wconf 81' lang='lat' dir='ltr'>Nom</span> <span class='ocrx_word' id='word_1_94' title='bbox 280 1677 361 1722; x_wconf 81' lang='lat' dir='ltr'>sum,</span> <span class='ocrx_word' id='word_1_95' title='bbox 396 1652 515 1736; x_wconf 88' lang='lat' dir='ltr'>inquit,</span> <span class='ocrx_word' id='word_1_96' title='bbox 548 1654 635 1714; x_wconf 81' lang='lat' dir='ltr'>homo</span> <span class='ocrx_word' id='word_1_97' title='bbox 665 1657 833 1726; x_wconf 79' lang='lat' dir='ltr'>Romanos,</span> <span class='ocrx_word' id='word_1_98' title='bbox 865 1668 952 1714; x_wconf 82' lang='lat' dir='ltr'>natm·</span> <span class='ocrx_word' id='word_1_99' title='bbox 975 1662 1004 1715; x_wconf 84' lang='lat' dir='ltr'>in</span> <span class='ocrx_word' id='word_1_100' title='bbox 1027 1655 1138 1733; x_wconf 63' lang='lat' dir='ltr'>iptio?</span> 
     </span>
     <span class='ocr_line' id='line_1_16' title="bbox 179 1731 1140 1816; baseline -0.002 -22"><span class='ocrx_word' id='word_1_101' title='bbox 179 1736 297 1794; x_wconf 81' lang='lat' dir='ltr'>Graeco</span> <span class='ocrx_word' id='word_1_102' title='bbox 318 1739 418 1792; x_wconf 85' lang='lat' dir='ltr'>oratio</span> <span class='ocrx_word' id='word_1_103' title='bbox 439 1753 459 1790; x_wconf 87' lang='grc' dir='ltr'>ιι</span> <span class='ocrx_word' id='word_1_104' title='bbox 479 1733 561 1791; x_wconf 82' lang='lat' dir='ltr'>nobis</span> <span class='ocrx_word' id='word_1_105' title='bbox 580 1731 759 1794; x_wconf 75' lang='lat' dir='ltr'>alienissimo</span> <span class='ocrx_word' id='word_1_106' title='bbox 774 1748 828 1794; x_wconf 88' lang='lat' dir='ltr'>est.</span> <span class='ocrx_word' id='word_1_107' title='bbox 852 1733 993 1816; x_wconf 85' lang='lat' dir='ltr'>Ideoque</span> <span class='ocrx_word' id='word_1_108' title='bbox 1015 1734 1140 1792; x_wconf 83' lang='lat' dir='ltr'>veniam</span> 
     </span>
     <span class='ocr_line' id='line_1_17' title="bbox 179 1812 1141 1896; baseline -0.004 -22"><span class='ocrx_word' id='word_1_109' title='bbox 179 1813 374 1896; x_wconf 74' lang='lat' dir='ltr'>gratiamque</span> <span class='ocrx_word' id='word_1_110' title='bbox 395 1812 495 1872; x_wconf 83' lang='lat' dir='ltr'>malae</span> <span class='ocrx_word' id='word_1_111' title='bbox 517 1813 772 1888; x_wconf 83' lang='lat' dir='ltr'>existimationis,</span> <span class='ocrx_word' id='word_1_112' title='bbox 802 1814 829 1872; x_wconf 91' lang='lat' dir='ltr'>si</span> <span class='ocrx_word' id='word_1_113' title='bbox 850 1813 928 1895; x_wconf 87' lang='lat' dir='ltr'>quid</span> <span class='ocrx_word' id='word_1_114' title='bbox 948 1824 1032 1872; x_wconf 87' lang='lat' dir='ltr'>esset</span> <span class='ocrx_word' id='word_1_115' title='bbox 1054 1833 1141 1871; x_wconf 88' lang='lat' dir='ltr'>erra·</span> 
     </span>
     <span class='ocr_line' id='line_1_18' title="bbox 179 1892 1138 1976; baseline -0.005 -22"><span class='ocrx_word' id='word_1_116' title='bbox 179 1905 264 1968; x_wconf 89' lang='lat' dir='ltr'>tum,</span> <span class='ocrx_word' id='word_1_117' title='bbox 290 1892 471 1972; x_wconf 82' lang='lat' dir='ltr'>postulavit.</span> <span class='ocrx_word' id='word_1_118' title='bbox 511 1892 559 1952; x_wconf 87' lang='lat' dir='ltr'>Ea</span> <span class='ocrx_word' id='word_1_119' title='bbox 589 1911 686 1976; x_wconf 87' lang='lat' dir='ltr'>quum</span> <span class='ocrx_word' id='word_1_120' title='bbox 715 1893 844 1976; x_wconf 81' lang='lat' dir='ltr'>legisset</span> <span class='ocrx_word' id='word_1_121' title='bbox 875 1893 970 1952; x_wconf 85' lang='lat' dir='ltr'>Cato:</span> <span class='ocrx_word' id='word_1_122' title='bbox 1006 1913 1061 1949; x_wconf 86' lang='lat' dir='ltr'>noe</span> <span class='ocrx_word' id='word_1_123' title='bbox 1088 1903 1138 1959; x_wconf 83' lang='lat' dir='ltr'>tu,</span> 
     </span>
     <span class='ocr_line' id='line_1_19' title="bbox 178 1971 1141 2059; baseline -0.005 -27"><span class='ocrx_word' id='word_1_124' title='bbox 178 1971 297 2059; x_wconf 85' lang='lat' dir='ltr'>inquit,</span> <span class='ocrx_word' id='word_1_125' title='bbox 320 1972 408 2038; x_wconf 80' lang='lat' dir='ltr'>Aule,</span> <span class='ocrx_word' id='word_1_126' title='bbox 431 1976 548 2028; x_wconf 85' lang='lat' dir='ltr'>nimium</span> <span class='ocrx_word' id='word_1_127' title='bbox 562 1983 690 2046; x_wconf 76' lang='lat' dir='ltr'>nugator</span> <span class='ocrx_word' id='word_1_128' title='bbox 711 1994 757 2041; x_wconf 84' lang='lat' dir='ltr'>es,</span> <span class='ocrx_word' id='word_1_129' title='bbox 781 1995 864 2053; x_wconf 78' lang='lat' dir='ltr'>qrtum</span> <span class='ocrx_word' id='word_1_130' title='bbox 878 1973 1010 2043; x_wconf 72' lang='lat' dir='ltr'>maluisti</span> <span class='ocrx_word' id='word_1_131' title='bbox 1025 1971 1141 2050; x_wconf 81' lang='lat' dir='ltr'>culpem</span> 
     </span>
     <span class='ocr_line' id='line_1_20' title="bbox 179 2050 1141 2132; baseline -0.004 -21"><span class='ocrx_word' id='word_1_132' title='bbox 179 2051 345 2132; x_wconf 81' lang='lat' dir='ltr'>deprecari,</span> <span class='ocrx_word' id='word_1_133' title='bbox 367 2071 453 2130; x_wconf 76' lang='lat' dir='ltr'>quom</span> <span class='ocrx_word' id='word_1_134' title='bbox 473 2050 558 2130; x_wconf 84' lang='lat' dir='ltr'>culpa</span> <span class='ocrx_word' id='word_1_135' title='bbox 579 2073 700 2111; x_wconf 78' lang='lat' dir='ltr'>vacare.</span> <span class='ocrx_word' id='word_1_136' title='bbox 721 2053 798 2110; x_wconf 75' lang='lat' dir='ltr'>ll&#39;um</span> <span class='ocrx_word' id='word_1_137' title='bbox 817 2062 918 2132; x_wconf 84' lang='lat' dir='ltr'>petere</span> <span class='ocrx_word' id='word_1_138' title='bbox 938 2057 1053 2109; x_wconf 76' lang='lat' dir='ltr'>vertiam</span> <span class='ocrx_word' id='word_1_139' title='bbox 1066 2051 1141 2107; x_wconf 88' lang='lat' dir='ltr'>sole·</span> 
     </span>
     <span class='ocr_line' id='line_1_21' title="bbox 178 2127 1140 2210; baseline -0.004 -21"><span class='ocrx_word' id='word_1_140' title='bbox 178 2152 256 2198; x_wconf 86' lang='lat' dir='ltr'>mus,</span> <span class='ocrx_word' id='word_1_141' title='bbox 279 2137 332 2188; x_wconf 73' lang='lat' dir='ltr'>teret</span> <span class='ocrx_word' id='word_1_142' title='bbox 350 2129 660 2210; x_wconf 69' lang='lat' dir='ltr'>‚quumimprudentes</span> <span class='ocrx_word' id='word_1_143' title='bbox 683 2137 857 2197; x_wconf 79' lang='lat' dir='ltr'>erravimus,</span> <span class='ocrx_word' id='word_1_144' title='bbox 882 2139 936 2187; x_wconf 86' lang='lat' dir='ltr'>aut</span> <span class='ocrx_word' id='word_1_145' title='bbox 956 2127 1039 2209; x_wconf 76' lang='lat' dir='ltr'>quum</span> <span class='ocrx_word' id='word_1_146' title='bbox 1055 2131 1140 2186; x_wconf 79' lang='lat' dir='ltr'>&#39;eorn-</span> 
     </span>
     <span class='ocr_line' id='line_1_22' title="bbox 177 2209 1140 2294; baseline -0.005 -27"><span class='ocrx_word' id='word_1_147' title='bbox 177 2210 254 2290; x_wconf 80' lang='lat' dir='ltr'>pulst&#39;</span> <span class='ocrx_word' id='word_1_148' title='bbox 275 2209 304 2285; x_wconf 75' lang='lat'>²)</span> <span class='ocrx_word' id='word_1_149' title='bbox 325 2214 519 2287; x_wconf 77' lang='lat' dir='ltr'>peccavimus.</span> <span class='ocrx_word' id='word_1_150' title='bbox 563 2210 645 2277; x_wconf 67' lang='lat' dir='ltr'>Tibi,</span> <span class='ocrx_word' id='word_1_151' title='bbox 667 2209 786 2294; x_wconf 88' lang='lat' dir='ltr'>inquit,</span> <span class='ocrx_word' id='word_1_152' title='bbox 811 2229 863 2269; x_wconf 89' lang='lat' dir='ltr'>oro</span> <span class='ocrx_word' id='word_1_153' title='bbox 885 2219 931 2275; x_wconf 86' lang='lat' dir='ltr'>te,</span> <span class='ocrx_word' id='word_1_154' title='bbox 954 2215 1017 2288; x_wconf 75' lang='lat' dir='ltr'>quis</span> <span class='ocrx_word' id='word_1_155' title='bbox 1033 2229 1140 2286; x_wconf 82' lang='lat' dir='ltr'>perpu-¹</span> 
     </span>
     <span class='ocr_line' id='line_1_23' title="bbox 178 2285 1139 2370; baseline -0.002 -24"><span class='ocrx_word' id='word_1_156' title='bbox 178 2289 231 2354; x_wconf 79' lang='lat' dir='ltr'>lit,</span> <span class='ocrx_word' id='word_1_157' title='bbox 253 2299 285 2344; x_wconf 86' lang='lat' dir='ltr'>ut</span> <span class='ocrx_word' id='word_1_158' title='bbox 307 2286 341 2343; x_wconf 85' lang='lat' dir='ltr'>id</span> <span class='ocrx_word' id='word_1_159' title='bbox 358 2291 565 2353; x_wconf 79' lang='lat' dir='ltr'>committeres,</span> <span class='ocrx_word' id='word_1_160' title='bbox 587 2289 666 2368; x_wconf 77' lang='lat' dir='ltr'>quod</span> <span class='ocrx_word' id='word_1_161' title='bbox 677 2297 845 2370; x_wconf 76' lang='lat' dir='ltr'>priusquam</span> <span class='ocrx_word' id='word_1_162' title='bbox 858 2285 992 2363; x_wconf 64' lang='grc' dir='ltr'>[πει-ω,</span> <span class='ocrx_word' id='word_1_163' title='bbox 1012 2298 1139 2364; x_wconf 81' lang='lat' dir='ltr'>peteres,</span> 
     </span>
     <span class='ocr_line' id='line_1_24' title="bbox 180 2361 1139 2445; baseline -0.001 -21"><span class='ocrx_word' id='word_1_164' title='bbox 180 2376 213 2426; x_wconf 83' lang='lat' dir='ltr'>ut</span> <span class='ocrx_word' id='word_1_165' title='bbox 241 2372 456 2438; x_wconf 77' lang='lat' dir='ltr'>ignosceretur.</span> <span class='ocrx_word' id='word_1_166' title='bbox 497 2361 658 2445; x_wconf 86' lang='lat' dir='ltr'>Scriptum</span> <span class='ocrx_word' id='word_1_167' title='bbox 691 2367 753 2427; x_wconf 91' lang='lat' dir='ltr'>hoc</span> <span class='ocrx_word' id='word_1_168' title='bbox 786 2380 836 2430; x_wconf 90' lang='lat' dir='ltr'>est</span> <span class='ocrx_word' id='word_1_169' title='bbox 869 2367 900 2424; x_wconf 92' lang='lat' dir='ltr'>in</span> <span class='ocrx_word' id='word_1_170' title='bbox 929 2365 1012 2424; x_wconf 89' lang='lat' dir='ltr'>libro</span> <span class='ocrx_word' id='word_1_171' title='bbox 1045 2367 1139 2424; x_wconf 90' lang='lat' dir='ltr'>Corn.</span> 
     </span>
     <span class='ocr_line' id='line_1_25' title="bbox 179 2441 1139 2526; baseline -0.006 -20"><span class='ocrx_word' id='word_1_172' title='bbox 179 2442 311 2526; x_wconf 82' lang='lat' dir='ltr'>Nepotis</span> <span class='ocrx_word' id='word_1_173' title='bbox 332 2441 373 2501; x_wconf 87' lang='lat' dir='ltr'>de</span> <span class='ocrx_word' id='word_1_174' title='bbox 393 2441 507 2502; x_wconf 87' lang='lat' dir='ltr'>illustr.</span> <span class='ocrx_word' id='word_1_175' title='bbox 527 2443 615 2504; x_wconf 83' lang='lat' dir='ltr'>viris.</span> <span class='ocrx_word' id='word_1_176' title='bbox 638 2446 710 2505; x_wconf 72' lang='lat' dir='ltr'>cett.</span> <span class='ocrx_word' id='word_1_177' title='bbox 731 2448 792 2521; x_wconf 87' lang='lat' dir='ltr'>XI,</span> <span class='ocrx_word' id='word_1_178' title='bbox 813 2450 842 2508; x_wconf 83' lang='grc'>8.</span> <span class='ocrx_word' id='word_1_179' title='bbox 863 2456 925 2506; x_wconf 89' lang='lat' dir='ltr'>etc.</span> <span class='ocrx_word' id='word_1_180' title='bbox 950 2455 982 2504; x_wconf 87' lang='lat' dir='ltr'>et</span> <span class='ocrx_word' id='word_1_181' title='bbox 1002 2443 1139 2502; x_wconf 81' lang='lat' dir='ltr'>Maerot.</span> 
     </span>
     <span class='ocr_line' id='line_1_26' title="bbox 179 2521 1140 2607; baseline -0.003 -24"><span class='ocrx_word' id='word_1_182' title='bbox 179 2524 305 2587; x_wconf 83' lang='lat' dir='ltr'>Saturn.</span> <span class='ocrx_word' id='word_1_183' title='bbox 327 2541 470 2602; x_wconf 89' lang='lat' dir='ltr'>prooem.</span> <span class='ocrx_word' id='word_1_184' title='bbox 491 2533 572 2582; x_wconf 83' lang='lat' dir='ltr'>extr.</span> <span class='ocrx_word' id='word_1_185' title='bbox 598 2522 753 2604; x_wconf 89' lang='lat' dir='ltr'>[Fischer.</span> <span class='ocrx_word' id='word_1_186' title='bbox 774 2524 907 2607; x_wconf 82' lang='lat' dir='ltr'>Margini</span> <span class='ocrx_word' id='word_1_187' title='bbox 924 2521 956 2582; x_wconf 90' lang='lat' dir='ltr'>h.</span> <span class='ocrx_word' id='word_1_188' title='bbox 982 2522 1003 2581; x_wconf 96' lang='lat' dir='ltr'>l.</span> <span class='ocrx_word' id='word_1_189' title='bbox 1024 2521 1140 2582; x_wconf 83' lang='lat' dir='ltr'>adscri-</span> 
     </span>
     <span class='ocr_line' id='line_1_27' title="bbox 180 2600 1147 2684; baseline 0 -22"><span class='ocrx_word' id='word_1_190' title='bbox 180 2603 258 2684; x_wconf 81' lang='lat' dir='ltr'>psit:</span> <span class='ocrx_word' id='word_1_191' title='bbox 292 2602 423 2662; x_wconf 87' lang='lat' dir='ltr'>Hieron.</span> <span class='ocrx_word' id='word_1_192' title='bbox 443 2620 515 2684; x_wconf 87' lang='lat' dir='ltr'>epp.</span> <span class='ocrx_word' id='word_1_193' title='bbox 530 2600 555 2662; x_wconf 84' lang='lat' dir='ltr'>i&#39;.</span> <span class='ocrx_word' id='word_1_194' title='bbox 573 2604 628 2664; x_wconf 78' lang='lat' dir='ltr'>no</span> <span class='ocrx_word' id='word_1_195' title='bbox 648 2615 725 2667; x_wconf 92' lang='lat' dir='ltr'>tom.</span> <span class='ocrx_word' id='word_1_196' title='bbox 741 2605 913 2684; x_wconf 67' lang='lat' dir='ltr'>LErasmit</span> <span class='ocrx_word' id='word_1_197' title='bbox 936 2601 1147 2681; x_wconf 87' lang='lat' dir='ltr'>descriptor..</span> 
     </span>
     <span class='ocr_line' id='line_1_28' title="bbox 183 2681 656 2767; baseline 0 -23"><span class='ocrx_word' id='word_1_198' title='bbox 183 2681 298 2764; x_wconf 85' lang='lat' dir='ltr'>eccles.</span> <span class='ocrx_word' id='word_1_199' title='bbox 323 2681 347 2742; x_wconf 85' lang='lat' dir='ltr'>l&#39;·</span> <span class='ocrx_word' id='word_1_200' title='bbox 367 2683 417 2761; x_wconf 68' lang='lat'>76.</span> <span class='ocrx_word' id='word_1_201' title='bbox 437 2689 467 2754; x_wconf 76' lang='grc'>4.</span> <span class='ocrx_word' id='word_1_202' title='bbox 487 2692 567 2747; x_wconf 82' lang='lat' dir='ltr'>tom.</span> <span class='ocrx_word' id='word_1_203' title='bbox 587 2685 656 2767; x_wconf 86' lang='lat'>111.]</span> 
     </span>
    </p>
   </div>
   <div class='ocr_carea' id='block_1_4' title="bbox 348 2880 942 3060">
    <p class='ocr_par' dir='ltr' id='par_1_6' title="bbox 348 2880 942 3060">
     <span class='ocr_line' id='line_1_29' title="bbox 505 2880 772 2934; baseline -0.007 0"><span class='ocrx_word' id='word_1_204' title='bbox 505 2880 568 2934; x_wconf 78' lang='lat' dir='ltr'>CA</span> <span class='ocrx_word' id='word_1_205' title='bbox 587 2883 606 2931; x_wconf 92' lang='lat' dir='ltr'>P</span> <span class='ocrx_word' id='word_1_206' title='bbox 624 2883 648 2932; x_wconf 87' lang='lat' dir='ltr'><strong>U</strong></span> <span class='ocrx_word' id='word_1_207' title='bbox 667 2885 689 2934; x_wconf 90' lang='lat' dir='ltr'>T</span> <span class='ocrx_word' id='word_1_208' title='bbox 725 2882 772 2933; x_wconf 87' lang='lat' dir='ltr'>tv.</span> 
     </span>
     <span class='ocr_line' id='line_1_30' title="bbox 348 2971 942 3060; baseline -0.007 -4"><span class='ocrx_word' id='word_1_209' title='bbox 348 2973 408 3056; x_wconf 79' lang='lat' dir='ltr'>n‘c</span> <span class='ocrx_word' id='word_1_210' title='bbox 430 2993 533 3060; x_wconf 76' lang='lat' dir='ltr'>vira</span> <span class='ocrx_word' id='word_1_211' title='bbox 556 2971 781 3055; x_wconf 75' lang='lat' dir='ltr'>&#39;monnoms</span> <span class='ocrx_word' id='word_1_212' title='bbox 802 2997 884 3056; x_wconf 84' lang='lat' dir='ltr'>mn.</span> <span class='ocrx_word' id='word_1_213' title='bbox 907 2971 942 3052; x_wconf 76' lang='grc' dir='ltr'>ι’</span> 
     </span>
    </p>
   </div>
   <div class='ocr_carea' id='block_1_5' title="bbox 148 3115 1144 3284">
    <p class='ocr_par' dir='ltr' id='par_1_7' title="bbox 148 3115 1144 3284">
     <span class='ocr_line' id='line_1_31' title="bbox 148 3115 1144 3200; baseline -0.006 -21"><span class='ocrx_word' id='word_1_214' title='bbox 148 3141 160 3179; x_wconf 89' lang='grc' dir='ltr'><strong>ι</strong></span> <span class='ocrx_word' id='word_1_215' title='bbox 265 3120 432 3182; x_wconf 84' lang='lat' dir='ltr'>Cornelius</span> <span class='ocrx_word' id='word_1_216' title='bbox 452 3121 577 3200; x_wconf 87' lang='lat' dir='ltr'>Nepos,</span> <span class='ocrx_word' id='word_1_217' title='bbox 602 3130 635 3178; x_wconf 87' lang='lat' dir='ltr'>et</span> <span class='ocrx_word' id='word_1_218' title='bbox 654 3137 764 3178; x_wconf 90' lang='lat' dir='ltr'>rerum</span> <span class='ocrx_word' id='word_1_219' title='bbox 785 3118 958 3178; x_wconf 83' lang='lat' dir='ltr'>memoriae</span> <span class='ocrx_word' id='word_1_220' title='bbox 981 3137 1043 3175; x_wconf 90' lang='lat' dir='ltr'>non</span> <span class='ocrx_word' id='word_1_221' title='bbox 1065 3115 1144 3174; x_wconf 84' lang='lat' dir='ltr'>iudi·</span> 
     </span>
     <span class='ocr_line' id='line_1_32' title="bbox 185 3195 1144 3284; baseline -0.006 -26"><span class='ocrx_word' id='word_1_222' title='bbox 185 3198 297 3281; x_wconf 78' lang='lat' dir='ltr'>ligent,</span> <span class='ocrx_word' id='word_1_223' title='bbox 319 3212 351 3260; x_wconf 90' lang='lat' dir='ltr'>et</span> <span class='ocrx_word' id='word_1_224' title='bbox 367 3203 408 3258; x_wconf 83' lang='lat' dir='ltr'>M.</span> <span class='ocrx_word' id='word_1_225' title='bbox 427 3197 605 3284; x_wconf 83' lang='lat' dir='ltr'>Ciceronis,</span> <span class='ocrx_word' id='word_1_226' title='bbox 626 3209 662 3256; x_wconf 94' lang='lat' dir='ltr'>ut</span> <span class='ocrx_word' id='word_1_227' title='bbox 677 3197 731 3280; x_wconf 91' lang='lat' dir='ltr'>qui</span> <span class='ocrx_word' id='word_1_228' title='bbox 747 3199 899 3281; x_wconf 85' lang='lat' dir='ltr'>maxime,</span> <span class='ocrx_word' id='word_1_229' title='bbox 922 3195 1037 3255; x_wconf 85' lang='lat' dir='ltr'>amicus</span> <span class='ocrx_word' id='word_1_230' title='bbox 1054 3195 1144 3254; x_wconf 89' lang='lat' dir='ltr'>l&#39;ami·</span> 
     </span>
    </p>
   </div>
   <div class='ocr_carea' id='block_1_6' title="bbox 187 3389 1144 3527">
    <p class='ocr_par' dir='ltr' id='par_1_8' title="bbox 187 3389 1144 3527">
     <span class='ocr_line' id='line_1_33' title="bbox 229 3389 1144 3458; baseline -0.004 -16"><span class='ocrx_word' id='word_1_231' title='bbox 229 3389 264 3458; x_wconf 60' lang='lat'>⁵²)</span> <span class='ocrx_word' id='word_1_232' title='bbox 289 3393 437 3457; x_wconf 71' lang='lat' dir='ltr'>Resistet.</span> <span class='ocrx_word' id='word_1_233' title='bbox 456 3393 551 3443; x_wconf 74' lang='lat' dir='ltr'>Tnct.</span> <span class='ocrx_word' id='word_1_234' title='bbox 570 3389 720 3440; x_wconf 81' lang='lat' dir='ltr'>ediderunt.</span> <span class='ocrx_word' id='word_1_235' title='bbox 740 3389 859 3456; x_wconf 79' lang='lat' dir='ltr'>expulsi,</span> <span class='ocrx_word' id='word_1_236' title='bbox 875 3391 914 3439; x_wconf 70' lang='lat' dir='ltr'>ci.</span> <span class='ocrx_word' id='word_1_237' title='bbox 935 3391 1027 3450; x_wconf 58' lang='lat' dir='ltr'>ilerd,</span> <span class='ocrx_word' id='word_1_238' title='bbox 1043 3389 1144 3439; x_wconf 79' lang='lat' dir='ltr'>[laelio.</span> 
     </span>
     <span class='ocr_line' id='line_1_34' title="bbox 187 3461 413 3527; baseline -0.018 -15"><span class='ocrx_word' id='word_1_239' title='bbox 187 3462 262 3512; x_wconf 70' lang='lat' dir='ltr'>malit</span> <span class='ocrx_word' id='word_1_240' title='bbox 278 3461 413 3527; x_wconf 73' lang='lat' dir='ltr'>perpulsi.</span> 
     </span>
    </p>
   </div>
   <div class='ocr_carea' id='block_1_7' title="bbox 0 0 1294 3872">
    <p class='ocr_par' dir='ltr' id='par_1_9' title="bbox 0 0 1294 3872">
     <span class='ocr_line' id='line_1_35' title="bbox 0 0 1294 3872; baseline 0 0"><span class='ocrx_word' id='word_1_241' title='bbox 0 0 1294 3872; x_wconf 95' lang='lat' dir='ltr'> </span> 
     </span>
    </p>
   </div>
  </div>
 </body>
</html>
