2524 3872
208 443 247 502 bu
469 435 535 498 Vll.
560 449 766 494 lucinianus.
795 451 839 493 ιο.
865 451 909 491 ιι.

209 616 244 657 se
258 595 359 672 iubet,
373 603 406 653 et
418 592 462 669 id,
477 590 565 675 quod
581 591 613 650 in
626 590 804 672 praesentia
817 587 1083 651 vestimentorum
1097 587 1173 668 fuit,
1259 643 1261 674 ‚

170 714 171 722 κ
209 675 354 755 arripuit.
388 671 446 730 His
467 671 499 730 in
519 671 624 763 ignem
645 668 772 742 eiectis,
792 665 937 727 sssrnmae
955 668 1019 729 tim
1038 669 1173 730 transiit.

168 755 188 820 6
209 755 315 841 Quem
336 759 373 810 ut
385 749 514 810 barbari
533 748 713 809 incendium
734 745 888 828 effugisse
907 745 1076 822 viderunt,
1096 748 1174 808 telis

208 833 329 892 eminus
360 818 391 907 ⁷)
417 829 518 889 missis
552 826 802 901 interfecerunt,
838 835 997 907 caputque
1033 825 1102 885 eius
1130 827 1173 886 ad

168 933 188 992 7
207 909 447 970 Pharnabazum
468 907 659 967 retulerunt.
703 906 748 964 At
770 904 903 979 mulier,
924 918 1007 985 quae
1031 923 1104 965 cum
1128 923 1170 966 eo

209 989 319 1048 vivere
336 997 523 1060 consuerat,
538 983 687 1044 muliebri
701 1003 756 1042 sua
771 993 861 1044 veste
880 984 1062 1043 contectum
1084 983 1172 1044 aedi-

207 1065 271 1127 licii
289 1066 437 1127 incendio
453 1076 616 1124 mortuum
637 1062 807 1136 cremavit,
827 1060 915 1144 qued
936 1061 976 1120 ad
996 1062 1106 1124 vivum
1124 1063 1171 1122 in-

207 1146 420 1206 terimendum
436 1153 505 1203 erat
526 1151 752 1222 comparatum.
783 1139 836 1200 sic
850 1139 1050 1218 Alcibiades,
1072 1163 1171 1205 annos

208 1225 338 1284 circiter
361 1221 568 1305 quadraginta
590 1231 705 1294 natus,
721 1220 806 1280 diem
828 1219 907 1297 obiit
927 1235 1121 1300 supremum.

289 1304 341 1361 Xl.
362 1305 456 1360 Hunc
475 1298 660 1358 infamatum
682 1320 699 1358 a
717 1299 883 1380 plerisque
904 1311 970 1358 tres
991 1299 1170 1379 gravissimi

207 1381 352 1441 historici
379 1379 509 1438 summis
540 1376 687 1437 laudibus
715 1378 915 1438 extulerunt:
948 1376 1170 1456 Thucydides,

208 1460 264 1542 qui
286 1459 429 1518 eiusdem
445 1457 555 1516 aetatis
571 1456 650 1532 fuit3
672 1455 918 1537 Theopompus,
939 1456 994 1538 qui
1009 1455 1073 1516 fuit
1093 1470 1170 1536 post

208 1539 369 1618 aliquanto
391 1547 499 1609 natus,
520 1547 553 1594 et
571 1534 737 1597 Timaeus:
761 1535 815 1618 qui
835 1535 965 1629 quidem
986 1535 1050 1596 duo
1071 1537 1170 1596 male-

208 1614 432 1690 dicentissimi,
452 1613 559 1673 neseio
581 1633 645 1696 quo
660 1613 774 1690 modo,
795 1614 903 1675 inille
924 1630 988 1674 uno
1009 1614 1169 1677 laudande

168 1686 421 1755 aconsclerunt.
460 1694 603 1774 Namque
634 1710 689 1768 ea,
721 1709 803 1774 quae
827 1707 923 1773 supra
947 1693 1099 1770 diximus,
1126 1693 1168 1754 de

207 1793 247 1834 eo
269 1771 509 1852 praedicarunt,
528 1783 624 1854 atque
642 1771 706 1831 hoc
728 1771 876 1852 amplius:
899 1792 996 1854 quum
1017 1772 1167 1849 Athenis,

207 1850 459 1933 splendidissima
473 1849 621 1926 civitate,
639 1862 732 1910 natus
746 1864 847 1927 esset,
868 1870 977 1910 omnes
993 1851 1166 1931 splendore

165 1931 186 1994 3
207 1950 243 1992 ac
264 1931 417 2012 dignitate
434 1937 601 2011 superasse
614 1929 709 1992 ritae.
739 1931 914 2013 Postquam
926 1930 1000 1990 inde
1014 1931 1166 2010 expulsus

142 2035 145 2039 ·
206 2007 334 2070 'Thebas
361 2011 503 2084 venerit,
532 2010 613 2068 adeo
639 2009 751 2068 studiis
776 2024 889 2069 eorum
916 2009 1106 2088 inservisse,
1129 2022 1166 2071 ut

205 2107 300 2149 nemo
322 2107 395 2148 eum
415 2087 527 2148 labore
550 2087 761 2168 corporisque
786 2089 906 2149 viribus
927 2100 1037 2176 posset
1058 2089 1166 2172 aequi-

205 2181 320 2248 parare
344 2167 469 2245 (omnes
484 2165 567 2223 enim
580 2166 709 2225 Boeotii
728 2168 826 2249 magis
846 2165 986 2227 firmitati
1000 2169 1166 2248 corporis,

164 2255 185 2322 4
230 2266 301 2305 uam
337 2244 455 2324 ingenii
484 2244 618 2302 acuminl
634 2245 846 2324 inserviunt),
892 2245 1049 2306 Eumdem
1079 2248 1165 2328 apud

204 2267 491 2398 hacedaemonios,
519 2343 656 2403 quorum
684 2325 826 2385 moribus
855 2343 975 2384 summa
1004 2325 1104 2386 virtus
1132 2327 1165 2385 in

204 2401 357 2484 patientia
375 2399 572 2482 ponebatur,
592 2402 638 2460 sic
659 2401 794 2464 duritiae
815 2423 850 2464 se
871 2398 1016 2480 dedisse,
1036 2417 1072 2464 ut
1090 2425 1165 2485 par-

204 2481 336 2543 simonia
367 2480 470 2542 victus
500 2491 597 2560 atque
611 2527 614 2531 .
627 2480 730 2542 cultus
760 2500 868 2544 omues
894 2481 1164 2544 Lacedaemonios

205 2561 358 2622 vinceret.
396 2559 509 2619 Fuisse
531 2559 615 2639 apud
639 2560 796 2639 Thracas,
820 2562 963 2623 homines
982 2562 1164 2624 vinolentos
1256 2579 1257 2582 ’

205 2639 367 2721 rebusque
387 2639 533 2700 venereis
554 2638 694 2701 deditosr
715 2640 774 2700 hos
796 2655 924 2724 quoque
944 2642 976 2700 ih
996 2639 1044 2700 his
1065 2640 1163 2701 rebus

163 2715 184 2780 5
205 2719 421 2778 antecessisse.»
461 2717 595 2780 Venisse
616 2719 655 2778 ad
675 2723 808 2796 Persas,
829 2721 914 2800 apud
938 2741 1018 2803 ques
1040 2741 1163 2780 summa

202 2798 270 2856 laus
294 2809 379 2856 esset
402 2796 533 2857 fortiter
556 2799 684 2877 venari,
707 2799 871 2860 luxuriose
896 2799 1022 2861 vireret
1045 2799 1163 2860 herum

202 2875 248 2935 sic
272 2875 427 2936 imitatum
450 2877 727 2953 consuetudinem,
752 2891 787 2939 ut
806 2879 853 2938 illi
877 2878 938 2959 ipsi
962 2896 1036 2938 eum
1060 2877 1091 2938 in
1111 2877 1162 2938 his

200 2953 336 3013 maxime
360 2955 600 3017 admirarentur.
644 2959 770 3042 Quibus
790 2959 886 3018 rebus
916 2957 1081 3033 effecisse,
1107 2965 1162 3035 ut,

128 3089 137 3098 ,
202 3032 288 3113 apud
315 3053 533 3117 quoscumque
555 3047 657 3112 esset,
680 3038 830 3119 princeps
852 3049 1045 3118 poneretur,
1064 3035 1163 3096 habe-

201 3123 357 3248 retprrque
390 3114 579 3176 cessimus,
641 3116 706 3180 Sed
733 3117 807 3179 satis
835 3117 876 3177 de
905 3115 985 3194 h003
1016 3115 1179 3198 reliquos

202 3209 243 3249 01³
266 3211 377 3252 lflmlss's

173 3315 323 3333 ..ι-ἠ

238 3393 265 3460 7)
292 3393 357 3443 olim
378 3391 509 3461 particula
528 3393 631 3444 eau'nus
646 3394 834 3460 omittebatur,
851 3411 931 3464 quam
949 3402 1057 3448 tuentur
1075 3393 1159 3446 codd.
1240 3386 1246 3397 '

96 3427 133 3522 'a
196 3459 315 3530 Guelph.
334 3461 401 3512 Dan·
418 3459 493 3510 Leid-
512 3461 545 3508 A.
