2524 3872
178 394 217 454 oo
516 381 556 445 ΙΙ.
583 403 671 446 oron·
695 403 723 468 9.
748 403 793 446 ro.

139 553 160 612 5
179 561 287 644 posset
304 547 394 612 foris.
422 545 502 618 Hic,
522 546 605 607 sicut
622 557 693 606 ante
709 543 939 626 saepedictum
955 555 1020 618 est,
1040 555 1137 627 quam
1202 549 1210 560 '

178 629 277 690 invisa
297 629 337 688 sit
357 625 523 706 singularis
547 625 705 718 potentia,
728 635 761 684 et
780 623 958 684 miseranda
978 624 1058 696 vita,
1080 624 1136 707 qui

178 729 212 780 se
231 706 331 768 metui
352 725 447 787 quam
461 723 558 764 amari
578 704 715 780 malunt,
736 702 835 766 cuivis
850 701 948 763 facile
968 703 1137 764 intellectu

139 782 248 847 tfut.
287 785 431 866 Namque
455 783 502 842 illi
521 783 582 864 ipsi
606 783 774 857 custodes,
795 782 822 842 si
841 781 981 863 propitia
1000 780 1138 844 fuissent

132 926 134 932 ,
179 865 361 940 voluntate,
388 861 512 924 foribus
534 861 675 923 effractis
699 879 830 922 servare
855 881 930 920 eum
949 861 1137 941 potuissent,

181 943 269 1026 quod
297 942 342 1001 illi
371 941 527 1018 inermes,
559 943 659 1002 telum
691 939 771 1003 foris
802 937 996 1019 flagitantes,
1027 941 1136 1002 vivum

179 1020 338 1086 tenebant.
381 1021 441 1082 Cui
465 1041 561 1103 quum
591 1031 796 1080 succurreret
818 1039 931 1095 nemo,
955 1021 1041 1098 Lyco
1066 1021 1137 1102 qui-

181 1099 252 1170 dam
272 1097 482 1179 Syracusanus
506 1119 565 1178 per
591 1097 746 1161 fenestras
771 1097 912 1182 gladium
935 1098 1041 1176 dedit,
1071 1119 1136 1182 quo

180 1179 265 1240 Dion
286 1177 471 1238 interiectus
492 1189 550 1239 est·
1015 1179 1018 1184 ’

248 1259 288 1316 X.
310 1256 463 1318 Confecta
481 1256 595 1330 caede,
642 1277 718 1317 uum
736 1257 907 1320 multitudo
925 1255 1049 1321 risendi
1065 1275 1137 1338 gra-
1231 1321 1234 1330 ,

176 1335 221 1396 tia
243 1335 421 1413 introisset,
451 1278 655 1397 nonnullidlb
686 1336 791 1398 insciis
816 1359 877 1420 pro
903 1335 1005 1398 noxiis
1031 1336 1137 1396 eonci-

177 1414 308 1492 duntur.
334 1416 413 1476 Nam
434 1413 533 1476 celeri
554 1434 684 1476 rumore
712 1416 826 1492 dilato,
854 1416 952 1478 Dioni
977 1415 1040 1475 vim
1061 1415 1136 1474 alla-

176 1503 257 1566 tam,
288 1491 380 1554 multi
402 1505 648 1568 concurrerant,
671 1494 787 1577 quihus
806 1496 871 1558 tale
892 1494 1014 1558 facinus
1030 1493 1136 1574 displi-

178 1573 281 1636 cebat.
321 1571 381 1648 Hi,
409 1571 488 1632 falsa
516 1572 695 1653 suspicione
729 1573 834 1650 ducti,
869 1576 1072 1636 immerentes
1099 1582 1136 1634 ut

139 1665 158 1708 n
179 1653 369 1713 sceleratos·
384 1650 542 1713 occidunt.
579 1652 682 1712 Huius
703 1653 744 1712 de
769 1665 875 1715 morte
900 1667 937 1714 ut
964 1653 1068 1733 palem
1089 1650 1135 1710 fa·

179 1742 266 1792 etum
281 1742 345 1798 est,
367 1729 555 1792 mirabiliter
569 1731 658 1811 vulgi
677 1743 797 1792 mutata
812 1745 861 1794 est
876 1734 1032 1794 voluntas.
1056 1731 1135 1788 Narin

179 1810 234 1892 qui
258 1809 366 1872 vivum
390 1829 464 1868 eum
490 1821 655 1888 tyrannum
679 1810 875 1889 vocitarunt,
901 1812 1000 1873 iidem
1021 1809 1135 1870 libera-

177 1900 282 1950 torem
312 1888 434 1980 patriae
458 1890 643 1980 tyrannique
674 1890 878 1971 expulsorem
901 1887 1133 1972 praedicabant.

177 1965 230 2028 Sic
251 1967 355 2027 subito
371 1967 586 2028 miserreordia
604 1967 678 2029 odio
699 1982 916 2045 successerat,
932 1982 969 2030 ut
983 1989 1057 2028 eum
1076 1987 1135 2026 suo

154 2047 348 2126 sanguine,
374 2045 401 2105 si
425 2058 570 2126 possent,
589 2045 638 2118 ‚ab
663 2047 848 2110 Acheronte
874 2061 1028 2132 cuperent
1051 2045 1134 2106 redi·

138 2121 277 2184 3mere.
318 2123 363 2181 lta
388 2142 429 2181 ue
448 2123 480 2182 in
500 2125 581 2184 urbe
606 2126 817 2189 celeberrimo
839 2129 931 2206 loeo,
953 2128 1055 2188 elatus
1099 2145 1135 2184 u-

176 2201 279 2274 hiice,
303 2144 444 2281 sepiilcri
465 2217 668 2267 monumento
691 2205 826 2268 donatus
845 2220 903 2270 est.
937 2207 1031 2268 Diem
1055 2145 1135 2265 ohiit

179 2280 309 2340 circiter
329 2299 425 2338 annos
448 2281 672 2364 quinquaginta
691 2285 832 2368 quinque
853 2299 962 2362 natus,
1032 2296 1134 2344 artum

176 2369 251 2498 pogt
290 2378 420 2435 annum,
456 2381 551 2444 quam
586 2381 627 2424 ex
661 2364 887 2446 Peloponneso
928 2365 961 2426 iu
1019 2363 1136 2425 iciliam

177 2457 215 2500 re
239 2448 327 2498 terat.

623 2717 677 2778 xr.

438 2809 849 2912 'rru1cnrrns

524 3110 780 3172 ARGUMENTUM.

196 3285 200 3292 .
224 3231 290 3299 C¹1¹·
308 3232 329 3282 1·
349 3237 498 3316 Iphicrates
515 3250 616 3314 optime
633 3256 744 3304 meritus
758 3256 793 3307 do
804 3273 834 3308 re
849 3261 968 3312 militari.
979 3289 1012 3304 -
1029 3260 1065 3310 11.
1079 3261 1129 3312 Res

175 3298 210 3378 ab
228 3316 260 3348 eo
278 3310 382 3364 gestae:
408 3321 435 3352 m
455 3300 581 3379 Thracia,
601 3319 673 3384 apud
692 3321 852 3375 Corinthum
869 3327 930 3394 (392
947 3346 971 3380 a.
990 3328 1054 3378 Chr.
1073 3328 1129 3396 m),

175 3381 202 3412 ¹¹¹
222 3366 276 3432 Aeg
286 3375 339 3433 '1¹¹0
359 3368 420 3434 (374
439 3389 463 3422 a·
482 3377 545 3428 Chr.
564 3382 621 3448 n.),
646 3385 772 3438 advorsus
789 3393 1002 3459 Epaminondam
1022 3395 1089 3462 (369
1106 3412 1130 3447 a.

175 3430 241 3488 Chr.
253 3449 277 3481 n.
310 3460 342 3472 —
362 3435 408 3486 111.
424 3440 464 3490 Dc
482 3449 602 3498 moribus
618 3450 760 3518 Iphicratis
778 3462 956 3530 corporisque
978 3463 1073 3514 forma.
