2524 3872
196 421 262 502 7⁶¹
486 415 580 482 ‘XI-V.
602 420 814 482 caraunus.
835 417 864 482 θ.

231 601 304 642 uam
331 579 373 643 ob
402 595 528 641 oausam
556 575 644 638 bello
683 595 756 638 eum
785 574 939 658 persequi
975 577 1165 656 constitnit,

198 681 294 745 eiquo
315 659 364 720 rel
389 657 545 739 praefecit
570 659 754 729 Datamem,
786 653 1004 738 propinquum
1024 657 1070 716 Pa
1095 656 1167 718 hla-

197 740 306 822 gonis:
327 757 396 798 nam
421 757 462 798 ne
484 758 523 798 ex
542 736 697 798 fratreet
713 754 827 797 sorore
843 745 934 794 erant
948 734 1022 794 nati.
1087 757 1166 796 uam
1255 808 1256 814 ἵ

198 819 381 880 obcaasam
423 827 540 877 atames
556 811 570 852 ²
599 815 738 897 primum
754 811 892 893 experiri
910 811 1030 889 voluit,
1044 827 1080 875 ut
1094 815 1167 874 sine

197 896 291 958 armis
312 895 564 988 propinquuma
608 892 751 956 officium
771 890 957 976 reduceret.
991 892 1044 952 Ad
1064 914 1166 976 quem

197 995 296 1057 quum
316 986 454 1035 venisset
473 973 540 1034 sina
561 973 742 1055 praesidio,
764 970 852 1053 quod
875 969 914 1029 ab
935 970 1038 1032 amico
1058 973 1165 1032 nullas

156 1059 370 1125 laveroretur
390 1053 535 1129 insidias,
582 1071 660 1112 aeno
685 1051 814 1112 interiit.
855 1051 934 1108 Nam
956 1048 1064 1115 'rhvus
1088 1070 1167 1111 eum
1256 1085 1257 1094 κ

198 1133 278 1192 clam
305 1129 487 1192 interlicere
516 1072 629 1192 voluit.
669 1131 747 1190 Erat
777 1138 880 1189 mater
911 1147 984 1188 cum
1007 1117 1168 1206 Datame,

199 1211 292 1270 amita
307 1209 528 1290 Paphlagonis.
553 1211 617 1282 Ea,
636 1208 714 1290 quid
728 1218 890 1290 ageretur,
906 1207 1032 1282 resciit,
1048 1207 1167 1268 lilium·

155 1285 261 1372 6qua
289 1288 417 1349 monuit.
458 1289 514 1348 l-lle
542 1288 620 1368 fuga
647 1287 826 1367 periculum
851 1285 998 1360 evitavit,
1022 1285 1165 1346 bellum-

197 1388 263 1450 que
291 1366 402 1426 indixit
426 1366 525 1445 Thyo.
574 1368 609 1424 lu
642 1387 706 1446 qno
730 1387 829 1448 quum
860 1363 898 1424 ab
926 1363 1168 1443 Ariobarzane,

195 1445 364 1528 praelecto
389 1445 507 1524 Lydiae
533 1457 566 1506 et
589 1446 695 1506 ioniae
722 1445 887 1528 totiusque
907 1441 1083 1526 Phrygiae,
1106 1445 1168 1505 ‹le-
1258 1457 1259 1468 ³

195 1537 308 1584 sertus
322 1535 424 1598 esset,
450 1524 547 1587 nihilo
569 1523 695 1606 segnius
743 1524 956 1600 ersaveravit,
982 1525 1165 1607 rivumque
1258 1531 1259 1534 ’

196 1602 321 1684 Thyum
341 1603 427 1683 cepit
449 1623 521 1664 cum
542 1622 643 1665 uxore
666 1614 698 1663 et
717 1546 837 1663 liberis.

186 1749 189 1755 ,
274 1683 324 1742 Ill.
352 1682 448 1742 Cuius
469 1681 545 1744 facti
567 1704 605 1743 ne
624 1683 712 1762 prius
733 1681 816 1746 fama
837 1681 877 1742 ad
900 1700 1030 1762 regem,
1063 1702 1164 1765 qnam

195 1759 282 1840 ipsc,
304 1761 507 1842 perveniret,
528 1762 616 1824 dedit
639 1781 778 1842 operam.
809 1763 920 1843 ltaque
944 1761 1090 1822 omnibus
1112 1759 1164 1822 in-

195 1839 278 1915 sciis,
299 1861 350 1916 co,
370 1839 424 1901 ubi
441 1854 511 1902 erat
527 1864 602 1916 rex,
624 1841 728 1914 venit,
744 1853 941 1922 posteroque
957 1839 1009 1900 die
1025 1840 1165 1918 'l'hyum,

188 1917 356 1988 ,hominem
382 1921 509 1981 maximi
537 1921 682 2002 corporis
711 1919 912 2002 terribilique
942 1918 1042 1994 facie,
1073 1919 1166 2011 quod

196 2009 230 2060 et
249 1999 357 2090 niger,
387 2011 420 2059 et
449 1999 564 2080 capillo
584 2001 682 2082 longo
703 1997 867 2081 barbaque
895 2010 964 2058 erat
984 2017 1165 2084 promissa,

197 2088 316 2156 optima
336 2090 427 2138 veste
449 2079 545 2154 texit,
569 2099 661 2162 quam
683 2090 827 2157 satrapae
848 2078 929 2160 regii
947 2097 1064 2158 gerere
1085 2096 1166 2138 oon·

196 2168 380 2233 sueverant3
410 2157 598 2238 ornavitque
626 2157 720 2217 etiam
740 2169 875 2238 torque,
900 2169 933 2217 et
954 2157 1083 2219 armillis
1106 2176 1165 2224 au-

156 2246 174 2289 a
196 2233 275 2310 rcis,
296 2245 402 2298 cetero
429 2255 469 2294 ue
493 2236 583 2313 regio
601 2236 707 2312 cultu3
731 2236 799 2316 ipse
818 2237 933 2318 agresti
948 2236 1069 2328 duplici
1085 2235 1165 2295 ami-

149 2333 150 2336 *
197 2313 270 2372 culo
296 2312 416 2374 circum
441 2324 509 2374 atus
532 2313 681 2397 hirtaque
712 2315 834 2390 tunica,
860 2335 975 2396 gerens
998 2337 1031 2376 m
1056 2314 1164 2394 capite

196 2390 319 2471 galeam
349 2393 562 2472 venatoriam,
596 2393 709 2454 dextra
736 2415 831 2454 manu
859 2397 998 2470 olavam,
1034 2395 1165 2462 sinistra

199 2490 238 2530 co
263 2470 368 2544 ulam,
396 2491 457 2553 qua
490 2473 629 2534 vinctum
654 2484 725 2533 ante
753 2493 787 2534 se
809 2473 932 2552 Thyum
962 2473 1094 2555 agebat,
1127 2485 1167 2534 ut

154 2545 175 2606 3
197 2548 223 2608 si
237 2491 485 2613 le1·ambostiam
499 2564 622 2633 captam
636 2553 780 2614 duceret.
806 2553 913 2636 Quem
932 2574 1031 2636 quum
1049 2573 1164 2614 omnes

194 2629 420 2709 prospicerent
441 2629 471 2710 ³)
496 2644 632 2713 propter
656 2632 831 2694 novitatem
853 2644 981 2700 ornatus
1004 2632 1164 2713 ignotam-

195 2713 259 2788 que
280 2708 433 2787 formam,
454 2711 496 2772 ob
518 2731 654 2792 eamque
674 2731 744 2783 rem
765 2733 894 2792 magnus
916 2723 1001 2770 esset
1022 2731 1163 2780 concur-

195 2806 264 2862 sus3
286 2787 422 2850 fuitnon
442 2810 553 2866 nemo,
578 2791 633 2873 qni
655 2799 841 2872 agnosceret
857 2789 999 2870 '1¹11yum,
1021 2791 1092 2872 regi
1117 2811 1161 2850 uc

144 2871 175 2936 ,4
194 2866 360 2928 nuntiaret.
401 2869 509 2931 Primo
534 2891 597 2931 non
621 2869 803 2932 accredidit.
842 2873 952 2954 Itaque
976 2811 1160 2930 Pharnaba·

195 2965 269 3004 zum
289 2947 373 3008 misit
393 2948 605 3028 exploratum.
640 2950 669 3010 Α
694 2969 759 3030 quo
779 2963 816 3010 ut
837 2970 906 3010 rcrn
928 2961 1050 3030 gestam
1071 2967 1161 3012 corn-

193 3023 296 3104 perit,
328 3027 432 3088 statim
464 3027 583 3088 admitti
612 3028 719 3102 iussit,
755 3047 949 3122 magnopere
978 3028 1158 3090 delectatus

194 3123 293 3186 quum
319 3103 425 3182 facto,
455 3119 523 3170 tum
547 3121 678 3172 ornatu:
708 3109 740 3169 in
765 3109 893 3190 pramis,
920 3107 1009 3190 quod
1039 3106 1159 3168 nobilis

153 3181 252 3245 ὄνοι
271 3182 303 3245 ia
323 3197 517 3266 potestatem
536 3187 707 3269 inopinanti
728 3199 870 3252 venerat.
903 3188 1015 3274 ltaque
1037 3185 1162 3268 magni-

213 3332 407 3356 —u—-n

258 3410 285 3476 ι)
307 3414 385 3476 vulgo
405 3409 515 3461 additur
533 3412 623 3460 omnio
644 3412 679 3460 cl.
697 3410 799 3461 Daebn.

253 3477 280 3544 3)
300 3477 383 3529 codd.
400 3479 441 3530 rel
459 3475 645 3544 adspicerent,
664 3479 704 3529 vel
724 3479 935 3546 conspicerent,
956 3481 990 3532 cl'.
1009 3480 1079 3541 Dhn.
