2564 3872
197 433 238 496 dc
478 423 562 494 XIV.
582 442 748 486 narina.
772 444 818 490 ro.
838 445 883 483 ιι.
975 498 978 504 ¹

201 585 340 672 praedas
356 583 455 666 capit,
469 603 602 678 querum
617 582 733 665 partim
747 579 811 644 suis
827 576 994 662 dispertit,
1007 581 1126 663 partim
1135 577 1168 662 ⁴)
1270 553 1272 588 Ι

203 668 243 730 ad
264 667 432 726 Datamem
451 675 564 742 mrtt1t5
587 663 658 756 pari
677 661 775 724 modo
796 662 962 742 complura
985 663 1117 724 castella
1137 661 1170 722 ei

162 745 306 820 dtr-adit.
347 744 436 802 Haec
457 742 511 802 diu
533 741 681 802 faciendo
704 740 864 822 persuasit
882 741 1021 818 bomini,
1041 761 1079 802 se
1100 739 1170 802 infi-

200 809 303 886 nitum
321 820 475 882 adversus
498 841 610 902 regem
634 821 813 900 suscepisse
834 819 974 900 bellum3
1001 841 1101 904 quum
1122 820 1169 880 ni·

200 901 267 963 bilo
289 899 405 982 magis,
425 920 465 960 ne
485 921 579 983 quam
599 899 814 980 suspicionem
833 897 880 958 illi
893 898 1075 991 praeberet
1094 899 1169 960 insi-

200 981 342 1055 diarum,
371 998 476 1061 neque
509 979 706 1116 colloquium
735 979 803 1041 eius
833 978 967 1059 petivit,
998 998 1106 1062 neque
1136 978 1168 1040 in

200 1068 408 1140 conspectum
419 1058 527 1119 venire
543 1069 592 1118 stu
616 1057 673 1117 uit.
696 1057 749 1118 Sic
762 1058 875 1118 abiem
891 1055 1059 1118 amicitiam
1074 1078 1168 1141 gere·

199 1138 272 1215 bat,
301 1149 337 1198 ut
365 1157 428 1198 non
455 1134 617 1198 benefieiis
643 1136 778 1213 mutuis,
806 1136 865 1197 sed
888 1135 964 1198 odio
989 1138 1168 1215 communi,

202 1215 291 1300 quod
310 1235 387 1352 erga
410 1235 521 1296 regem
542 1227 768 1297 susceperant,
789 1215 945 1278 contineri
966 1215 1169 1280 viderentur.

280 1291 334 1354 XI.
374 1293 394 1354 d
415 1316 512 1377 quum
532 1295 606 1356 satis
626 1315 662 1355 se
686 1297 892 1356 confirmasse
914 1294 1086 1356 arbitratus
1107 1307 1169 1372 est,

201 1375 376 1436 certiorem
389 1371 468 1434 facit
483 1375 666 1450 Datamem,
680 1385 807 1455 tempus
824 1393 905 1450 esse,
920 1376 1058 1435 maiores
1074 1393 1168 1436 exer·

201 1454 283 1514 citus
303 1452 426 1533 parari,
450 1464 483 1512 et
495 1453 617 1514 bellum
631 1474 704 1513 cum
718 1453 788 1534 ipso
802 1472 881 1590 rege
898 1453 1017 1535 suscipi
1026 1473 1036 1530 3
1058 1452 1168 1538 deque

201 1553 240 1592 ea
252 1552 309 1608 re,
322 1531 349 1590 si
365 1531 395 1590 ei
414 1531 600 1606 videretur,
621 1553 686 1616 quo
701 1532 774 1594 loco
793 1533 843 1593 vol
857 1540 905 1605 et,
920 1533 952 1592 in
965 1533 1166 1615 colloquium

199 1611 334 1672 veniret.
373 1609 514 1670 Probata
534 1629 589 1686 re,
620 1610 826 1694 colloquendi
857 1623 983 1692 tempus
1012 1612 1168 1690 sumitur,

161 1689 376 1770 alceusque,
402 1710 467 1772 quo
495 1690 731 1750 conveniretur.
773 1692 846 1751 Huc
865 1691 1065 1751 Mithridates
1093 1711 1169 1754 cum

200 1788 283 1844 uno,
304 1767 356 1828 c'ui
376 1768 542 1828 maximam
561 1767 699 1832 habebat
718 1766 832 1845 fidem,
860 1780 932 1830 ante
957 1768 1077 1853 aliquot
1097 1769 1167 1832 dies

201 1847 305 1924 venit,
325 1846 608 1929 compluribusque
623 1848 703 1908 locis
716 1849 888 1928 separatim
904 1849 1027 1930 gladios
1043 1849 1167 1926 obruit,

184 1931 304 2010 ,eaque
325 1925 398 1988 loca
417 1925 588 2007 diligenter
610 1937 709 1988 notat.
733 1929 806 2007 Ipso
829 1939 935 1988 autem
956 1927 1166 2010 colloquendi

199 2005 251 2076 die
267 2005 415 2087 utrique,
436 2006 543 2066 locum
557 2005 612 2087 qui
627 2007 849 2086 explorarent,
863 2019 959 2090 atque
974 2007 1061 2088 ipsos
1076 2027 1166 2068 sciu-

158 2081 361 2160 dta'rentur,
380 2084 516 2144 mittunt.
557 2084 683 2144 Deinde
708 2085 768 2166 ipsi
789 2094 862 2146 sunt
886 2088 1060 2167 congressi.
1101 2087 1165 2148 llic

223 2183 300 2222 uum
328 2162 521 2245 aliquamdiu
553 2158 585 2221 in
612 2164 697 2227 collo
723 2165 776 2224 uio
804 2165 953 2240 l'uissent,
987 2177 1021 2226 et
1045 2164 1167 2228 diversi
1268 2191 1270 2202 ·

200 2185 435 2317 discessissent,
463 2239 588 2323 iamque
609 2186 725 2322 procill
747 2244 899 2304 Datames
927 2243 1073 2308 abesset:
1107 2245 1167 2304 Mi-

201 2319 373 2396 thridates,
403 2319 588 2401 priusquam
610 2322 650 2381 ad
670 2341 745 2384 suos
790 2323 970 2399 errenirct,
1000 2344 1040 2385 ne
1069 2345 1165 2406 quam

200 2398 414 2482 suspicionem
488 2410 558 2458 eret
573 2397 621 2479 ⁵),
642 2399 674 2460 in
689 2343 838 2460 eumdem
856 2404 964 2464 locum
977 2402 1167 2478 revertitur,

201 2491 232 2540 at
257 2499 297 2538 ue
325 2477 386 2554 ibi,
415 2419 594 2539 odiittelum
615 2491 685 2540 erat
698 2479 901 2561 impositum,
922 2482 1061 2558 resedit,
1082 2492 1119 2540 ut
1138 2481 1167 2542 si

200 2501 256 2640 [all
268 2554 298 2638 ⁶)
321 2557 503 2620 lassitudine
530 2570 664 2640 cuperet
683 2559 910 2698 acquiescere:
931 2562 1165 2642 Datamemque

200 2637 382 2715 revocavit,
413 2638 577 2713 simulans,
605 2658 640 2698 se
668 2638 821 2722 quidam
846 2639 879 2698 in
906 2640 1070 2722 colloquio
1092 2657 1165 2699 esse

159 2723 181 2790 4
202 2715 348 2781 oblitum.
388 2713 517 2778 interim
537 2717 654 2792 telum,
675 2718 764 2810 quod
778 2717 914 2796 latebat,
934 2719 1087 2800 protulit,
1107 2737 1166 2778 nu·

200 2796 375 2892 datumque
399 2796 513 2878 vagina
527 2805 618 2858 veste
635 2807 730 2872 texit,
750 2815 787 2858 ao
807 2797 933 2858 Datami
951 2796 1092 2859 venienti
1110 2795 1165 2874 ait,

201 2875 436 2969 digredientem
462 2895 497 2942 se
528 2872 804 2954 animadvertisse,
835 2875 944 2938 locum
975 2875 1165 2958 quemdam,

201 2975 258 3038 qur
280 2967 350 3016 erat
377 2955 408 3014 in
434 2964 626 3035 conspectu,
650 2953 690 3014 ad
712 2966 813 3016 castra
833 2954 980 3037 ponenda
1000 2963 1071 3029 esse
1095 2953 1166 3014 ido·

161 3033 306 3095 sneun.
336 3032 442 3126 Quem
463 3054 562 3118 quum
582 3031 681 3114 digito
694 3031 946 3112 demonstraret,
967 3045 1003 3095 et
1019 3033 1074 3094 ille
1088 3052 1165 3096 cons

190 3183 366 3202 Μ

220 3266 222 3274 '
249 3269 278 3389 ip
304 3267 443 3388 ili-{mii
463 3266 513 3320 dx·
532 3264 717 3326 ilorci-Laid.
735 3265 765 3324 t.
783 3268 907 3324 vossii.
933 3299 967 3314 -
989 3272 1024 3325 al.
1046 3284 1164 3342 partem.

200 3357 225 3390 ἣ
244 3355 287 3475 05).
298 3357 361 3456 coil.
378 3372 431 3452 llx-
448 3415 572 3468 pararet.
589 3430 623 3446 —-
648 3403 677 3472 6)
695 3419 744 3472 pra
781 3407 876 3471 esitio,
894 3423 981 3474 quae,
1000 3425 1016 3460 ι
1032 3407 1163 3460 lambino

201 3471 306 3535 addite,
325 3471 403 3536 inho
422 3475 557 3532 iuvatur,
576 3467 651 3523 deest
668 3471 696 3521 in
716 3487 748 3524 eo
768 3471 795 3524 d.
812 3482 839 3524 at
855 3481 917 3526 vett.
930 3473 991 3526 add.
