2564 3872
356 1007 679 1098 'corneam
719 1009 1005 1098 Nnroms·

283 1206 323 1308 F
367 1208 412 1308 R
458 1205 501 1307 Α
551 1207 597 1306 G
641 1207 705 1308 M
750 1206 795 1306 E
841 1207 887 1312 Ν
931 1206 981 1308 Τ
1025 1205 1083 1320 Α.

599 1559 726 1615 CAPUT.
744 1561 767 1612 l.

417 1677 420 1682 ’
450 1703 768 1771 ennomconon
791 1703 915 1766 amm.

174 1887 184 1924 ι
288 1863 340 1925 De
361 1862 506 1925 Homero
531 1875 565 1924 et
584 1865 727 1926 Hesiodo
756 1865 839 1924 lnter
865 1883 974 1924 omnes
995 1861 1066 1924 lere
1088 1862 1165 1928 sori-

232 1954 319 2004 tores
349 1942 506 2020 constitit,
535 1955 708 2027 utrumque
734 1943 850 2006 vixisse
879 1954 951 2004 ante
972 1945 1065 2004 Rom.
1090 1963 1165 2004 eon-

208 1963 323 2100 ddam,
354 2035 391 2083 ut
415 2023 543 2085 Cornel.
565 2026 648 2105 Nep.
675 2023 708 2084 in
731 2022 835 2106 primo
864 2021 1096 2084 Chronieorum
1123 2020 1165 2080 de
1279 2087 1280 2090 Ἴ

208 2102 352 2162 Homero
380 2101 477 2180 dixit,
507 2103 593 2164 annis
625 2103 754 2165 circiter
784 2113 968 2164 contumel
995 2099 1165 2182 sexaginta.

151 2215 158 2221 -
210 2178 317 2238 Gellius
336 2181 441 2257 xvir,
463 2182 567 2256 nm&

171 2278 189 2320 2
286 2259 405 2338 Nepoti
426 2271 460 2322 et
473 2262 600 2323 Lutatio
614 2263 749 2327 Romam
764 2260 871 2344 placet
885 2257 1043 2322 conditam
1057 2256 1167 2338 Olym·

208 2333 310 2472 pisidiae
331 2337 483 2418 septimae
506 2361 586 2401 anno
608 2340 759 2405 secundo.
783 2342 873 2401 Solio.
894 2339 1001 2416 Polyb.
1022 2356 1049 2399 o.
1071 2338 1094 2398 1.
1114 2337 1167 2405 ed.

234 2434 304 2472 am.

170 2499 189 2559 3
289 2491 515 2555 Archilochum
535 2497 643 2578 Nepos
658 2497 786 2564 Comei,
806 2495 904 2558 tradit
916 2495 1011 2558 Tullo
1025 2494 1164 2557 Hostilio

209 2572 330 2632 Romae
348 2585 501 2654 regnante
521 2575 583 2635 iam
603 2587 679 2637 tunc
700 2577 799 2638 fuisse
820 2575 852 2656 2¹)
874 2575 1029 2657 poematis
1044 2575 1166 2636 clarum

158 2699 161 2704 .
210 2660 243 2710 et
262 2651 410 2713 nobilem.
434 2654 507 2714 Gall.
527 2655 632 2732 XVll‚
654 2675 709 2732 or,
729 2658 759 2717 8.

170 2744 188 2807 ι,
289 2733 330 2793 Μ’.
355 2732 486 2794 Manlius
506 2735 638 2811 Romae,
662 2735 716 2817 qui
738 2733 846 2794 Gallos
867 2734 899 2793 in
923 2733 1089 2796 obsidione
1108 2735 1167 2794 Ca·

209 2809 312 2888 pitolii
342 2811 536 2893 obrepentes
563 2833 624 2894 por
650 2814 759 2874 ardua'
781 2812 965 2896 depulerat,
999 2812 1164 2874 convietus

210 2900 260 2947 est
279 2891 445 2951 eonsilium
465 2891 506 2954 de
525 2911 627 2972 regno
648 2891 835 2972 occupando
856 2891 966 2952 inisse:
987 2891 1165 2951 damnatus-

211 2987 274 3047 que
295 2969 406 3106 cplpitis
428 2991 447 3031 e
467 2991 542 3032 saxo
563 2972 719 3051 Tarpeio,
741 2983 776 3032 ut
800 2971 841 3030 Μ.
862 2971 967 3033 Varro
991 2971 1051 3045 ait,
1065 2987 1165 3062 prae·

210 3061 577 3207 &laurizal-{dl
595 3051 990 3192 „Cadilladlmad‘lll
1008 3059 1164 3208 {llll

170 3202 190 3263 ὅ
288 3205 468 3267 Alexander
482 3209 612 3288 Magnus
628 3208 736 3272 Pellae
753 3208 866 3282 oritur,
881 3219 917 3267 ut
928 3209 975 3266 Ne
999 3225 1035 3268 os
1053 3206 1166 3282 edidit,

209 3285 250 3342 Μ.
276 3285 352 3344 Fab.
373 3283 545 3362 Ambusto,
568 3289 605 3348 Τ.
627 3285 753 3374 Οιὼιοῑ.
775 3286 954 3367 Capitolino
976 3229 1064 3348 don.
1089 3297 1167 3368 post

215 3421 413 3438 annun—⁸*

274 3493 299 3562 1)
321 3495 355 3546 al.
375 3492 499 3544 omittunt
510 3489 615 3559 suine.
