2524 3872
202 417 244 486 ’74
455 391 458 396 ’
519 405 601 469 ΧΙΙῙ,
621 421 815 466 ranosnnos.
835 399 881 478 4(

204 577 320 649 nepos,
349 566 421 626 cum
448 583 568 626 summa
596 565 765 646 ignominia
792 563 945 640 familiae,
974 557 1020 623 e'x'
1042 561 1098 623 s'ua
1121 558 1164 624 're

163 667 181 708 a
203 647 349 708 familiari
364 644 500 705 reticere
519 655 646 704 coactus
667 655 723 704 est.
747 643 908 703 Timothei
929 653 1035 702 antem
1051 643 1164 704 mode·

201 739 290 788 ratae
327 724 536 806 sapientisque
563 723 649 784 vitae
683 743 782 804 quum
814 723 969 804 pleraque
1002 722 1163 802 possimus

202 805 356 889 proferre
389 803 585 877 testimonia,
604 823 669 862 uno
694 803 812 862 erimus
833 801 986 877 contenti,
1012 801 1100 883 quod
1121 820 1165 861 ‘ex

202 907 242 946 eo
270 883 364 944 t'acile
395 882 508 944 coniioi
536 881 672 964 poterit,
705 901 800 962 quam
828 899 919 940 carus
953 879 1016 939 suis
1049 879 1163 944 fuerit.

202 966 312 1047 Quum
333 961 463 1023 Athenis
493 961 746 1022 adolescentulus
775 979 900 1019 causam
927 959 1067 1034 diceret,
1097 979 1163 1021 non

202 1044 305 1104 solum
328 1042 420 1102 amici
443 1042 623 1122 privatique
648 1039 791 1119 hospites
813 1038 852 1098 ad
883 1059 957 1099 enm
987 1037 1164 1112 defenden-

202 1123 278 1182 dum
307 1132 539 1193 convenerunt,
569 1117 626 1178 sed
651 1119 746 1177 etiam
768 1118 801 1176 in
824 1117 869 1177 eis
890 1119 981 1177 lason
1001 1129 1162 1198 tyrannus,

161 1201 258 1283 3qui
290 1200 346 1260 iilo
380 1210 527 1290 tempore
557 1195 618 1256 fuit
634 1197 787 1258 xomnium
813 1197 1059 1277 potentissimus.
1100 1199 1164 1258 Hie

202 1299 300 1363 quum
321 1278 353 1342 in
377 1289 478 1358 patria
504 1276 571 1336 sine
595 1275 781 1336 satellitibus
804 1295 839 1335 se
865 1287 970 1336 tutum
989 1297 1054 1336 non
1078 1277 1164 1336 arbi-

200 1371 356 1432 traretur,
379 1355 517 1415 Athenas
538 1355 605 1414 sine
625 1355 692 1415 ulto
711 1354 871 1435 praesidio
891 1355 995 1427 venit,
1013 1355 1162 1448 tantique

202 1439 363 1518 hospitem
385 1434 483 1508 fecit,
502 1435 666 1492 ut‘mallet
679 1454 714 1492 se
737 1433 849 1514 capitis
863 1434 1043 1515 periculum
1064 1435 1165 1512 adare,

202 1539 296 1599 quam
318 1512 488 1574 Timotheo
511 1512 552 1572 de
568 1511 650 1571 fama
664 1511 824 1573 dimicanti
845 1514 967 1574 deesse.
993 1515 1088 1572 Hunc
1110 1515 1165 1573 ad-

81 1669 89 1680 ,
200 1615 313 1658 versus
333 1605 438 1652 tamen
458 1589 644 1652 Timotheus
668 1603 780 1671 postea
800 1593 913 1674 populi
933 1591 1020 1651 iussu
1041 1591 1165 1653 bellum

225 1677 315 1749 essit,
336 1672 522 1753 patriaeque
536 1671 692 1732 sanctiora
707 1670 792 1744 iura,
816 1693 911 1754 quiam
922 1670 1070 1750 hospitii,
1092 1691 1164 1732 esse

162 1760 182 1826 la
202 1696 302 1814 duxit.
336 1753 424 1810 Haec
454 1760 595 1809 extrema
616 1748 676 1809 fuit
701 1761 785 1809 aetas
814 1751 1041 1831 imperatorum
1064 1750 1165 1810 Athe·

203 1832 373 1904 niensium,
395 1829 569 1911 Iphicratis,
584 1829 758 1900 Chabriae,
773 1828 947 1890 Timothei:
968 1848 1074 1910 neque
1088 1843 1166 1908 post

202 1912 329 1972 illorum
346 1909 469 1972 obitum
489 1908 656 1992 quisquam
671 1907 735 1968 dux
748 1909 779 1968 in
799 1909 853 1968 illa
874 1907 955 1970 urbe
969 1907 1030 1968 suit
1051 1907 1163 1990 dignus

203 2011 364 2054 memorre.

568 2150 759 2166 W

640 2287 724 2368 nv.

510 2419 860 2482 caranus

547 2655 806 2719 Aneonsnron.

272 2788 339 2854 Cap.
353 2788 374 2837 1.
394 2788 517 2837 Datames
533 2787 690 2842 fortitudine
710 2792 817 2842 excellit
831 2791 857 2840 in
875 2789 950 2841 bello
968 2787 1094 2840 adversus
1110 2787 1164 2838 Ca·

204 2856 296 2905 dusios
316 2855 373 2921 (361
396 2872 418 2903 a.
438 2852 499 2902 Chr.
513 2855 568 2922 n),
588 2866 614 2907 et
633 2867 761 2924 paternae
780 2860 934 2927 provinciae
952 2858 1116 2926 praeficitur,
1132 2883 1166 2896 -·
1230 2914 1233 2924 Ι

204 2925 238 2974 11.
258 2923 361 2989 Thyom
381 2919 594 2988 Paphlagoniam,
622 2927 666 2991 quii
686 2942 701 2975 a
718 2942 782 2992 rege
799 2926 951 2988 defecerat,
977 2927 1063 2974 vivum
1082 2926 1165 2990 capit.

204 3018 237 3028 -
263 2990 309 3040 111.
338 2989 413 3056 Thyo
436 2987 469 3038 ad
487 3005 578 3056 regem
604 2992 703 3056 ducto,
729 2995 853 3044 Datames
880 2995 1010 3044 exercitui
1039 2992 1165 3042 adversus

205 3059 354 3123 Aegyptum
386 3067 543 3123 comparato
568 3059 731 3125 praeficitur.
762 3089 796 3101 —
823 3061 868 3112 IV.
897 3061 1044 3110 Revocatus
1072 3060 1166 3126 Aspim

205 3124 384 3186 Cataonium,
397 3125 441 3190 qni
460 3127 516 3191 regi
535 3143 589 3174 non
607 3128 734 3194 parebat,
753 3146 848 3194 magna
868 3129 1006 3178 celeritate
1024 3128 1113 3176 vineit.
1131 3152 1166 3165 -

205 3193 239 3241 V.
262 3191 326 3257 Aspi
345 3191 465 3251 devicto,
483 3193 612 3243 suadente
630 3195 765 3258 Pandate,
783 3197 840 3262 ipse
858 3196 982 3248 Datames
1002 3211 1017 3244 a
1035 3210 1098 3260 rege
1116 3192 1164 3244 de·

204 3259 269 3308 ficit.
289 3287 321 3297 -
339 3259 385 3311 vt.
404 3261 434 3308 ln
452 3260 527 3311 bel'io
548 3259 671 3310 adversos
688 3262 805 3325 Pisidas,
824 3263 880 3313 ntio
899 3263 1057 3324 interiecto,
1074 3276 1164 3324 socer,

203 3325 448 3391 Mithrobarzanes,
475 3328 509 3378 ad
534 3327 623 3377 hostes
641 3329 795 3392 transfugit;
819 3338 948 3396 utrosque
966 3331 1093 3379 Datames
1114 3345 1164 3394 op·

204 3395 304 3462 priinit.
328 3423 361 3434 -
386 3396 443 3444 vss.
469 3395 492 3442 A
509 3393 610 3444 Scisma
629 3394 690 3444 filio
716 3396 840 3447 Datames
869 3398 924 3461 regi
972 3395 1094 3458 roditur,
1118 3395 1164 3461 qui

204 3461 435 3530 Autophrodatem
461 3467 641 3510 contraseum
665 3461 754 3511 mittit.
781 3489 815 3502 -
850 3465 922 3514 vul.
948 3415 1166 3530 Kutophradates
