2524 3872
193 391 232 461 tu
454 339 534 450 vlu.
556 406 795 450 ruussruuros.
817 407 844 447 a.
865 377 894 452 3.

191 546 351 630 publicata
366 547 450 607 inter
465 566 500 608 se
515 547 710 610 divisissent:
731 549 904 612 nonsolum
918 549 1078 633 princeps,
1098 550 1158 613 sed

192 639 227 688 et
250 629 337 688 solus
362 625 452 687 initio
473 625 595 688 bellum
618 626 667 686 his
691 628 812 688 indixit.

256 708 294 764 ll.
319 706 382 765 Hic
405 706 488 766 enim
509 729 607 788 quum
627 708 748 800 Phylen
763 706 978 790 confugisset,
1000 710 1088 793 quod
1108 724 1159 770 est

193 787 359 846 castellum
385 783 417 844 in
443 785 551 845 Attica
575 787 833 865 munit1ssimum‚
862 809 926 848 non
950 790 1021 870 plus
1046 789 1157 850 habuit

193 884 318 941 secum,
333 885 435 946 quam
454 863 583 944 triginta
602 865 642 925 de
659 865 731 926 suis.
762 867 834 927 Hoc
855 866 976 926 initium
998 867 1059 928 suit
1073 867 1156 928 salu·

192 942 231 1001 tis
241 944 432 1004 Actaeorum
443 939 490 1021 ⁸);
510 943 573 1004 hoe
588 945 690 1006 robur
706 943 861 1006 libertatis
878 947 1067 1008 clarissimae
1078 947 1155 1009 civi·

154 1046 172 1088 ῃ
194 1023 275 1082 tatis.
300 1026 412 1104 Neque
426 1042 505 1082 vero
528 1022 665 1084 hicnon
687 1037 866 1085 contemtus
888 1037 936 1085 est
957 1027 1060 1106 primo
1076 1039 1154 1106 aty-

192 1104 313 1177 rannis,
335 1111 432 1182 atque
454 1105 521 1165 eius
543 1103 692 1163 solitudo.
721 1104 813 1192 Quae
827 1104 955 1187 <pridem
971 1125 1024 1164 res
1041 1117 1078 1164 et¹
1090 1105 1152 1166 illis

176 1196 180 1202 ·
193 1184 467 1244 contemnentibus
480 1183 650 1266 perniciei,
666 1198 699 1246 et
712 1184 785 1244 huie
800 1183 955 1266 despecto
971 1185 1064 1244 saluti
1080 1183 1152 1245 suit.

191 1261 281 1322 Hace
304 1263 387 1324 enim
401 1263 472 1325 illos
487 1263 524 1323 ad
540 1265 799 1346 persequendum
815 1282 946 1344 segnes,
962 1262 1021 1323 hos
1036 1275 1153 1340 autem,

191 1351 339 1423 tempore
367 1342 406 1403 ad
438 1343 682 1423 comparandum
709 1344 801 1418 dato,
833 1341 913 1404 feeit
942 1341 1152 1404 robustiores.

150 1425 171 1490 3
194 1418 270 1560 duo
291 1422 389 1500 magis
410 1435 619 1503 praeceptum
639 1424 719 1483 illud
741 1422 879 1485 omnium
901 1421 1061 1480 inanimis
1083 1443 1153 1482 esse

217 1500 308 1561 abet:
336 1501 421 1560 Nihil
445 1501 477 1561 in
501 1501 588 1562 bello
615 1515 767 1582 oportere
793 1499 952 1562 contemni
960 1521 970 1577 ;
999 1518 1059 1562 uec
1083 1503 1152 1562 sine

151 1591 287 1658 acausa
308 1579 385 1641 diei:
412 1582 545 1640 Matrem
569 1580 670 1640 timidi
691 1580 771 1642 llere
796 1602 859 1641 non
882 1580 997 1640 solere.
1038 1583 1151 1663 Neque

96 1703 100 1712 .
191 1667 297 1718 tamen
331 1679 390 1740 pro
415 1659 564 1740 opinione
594 1659 782 1740 Thrasybuli
819 1671 930 1719 auctae
961 1671 1033 1718 sunt
1063 1681 1151 1739 opes.

192 1739 269 1797 Nam
286 1738 347 1798 iarn
367 1750 435 1798 tum
455 1739 515 1798 illis
536 1739 735 1819 temporibus
757 1737 872 1799 fortius
891 1737 967 1798 boni
981 1759 1041 1814 pro
1055 1739 1151 1798 liber·
1259 1795 1260 1800 ,

151 1821 171 1884 5
192 1827 258 1877 tate
272 1817 495 1900 loquebantur,
515 1837 609 1899 quam
626 1820 816 1913 pugnabant.
838 1818 921 1879 Hine
937 1817 969 1876 in
982 1819 1152 1878 Piraeeum
1258 1821 1260 1864 l

192 1897 331 1972 transiit,
347 1896 608 1980 Munychiamque
622 1900 764 1959 munivit.
789 1899 880 1958 Hane
895 1897 942 1957 bis
959 1897 1081 1976 tyranni
1097 1917 1152 1978 op·
1165 1911 1167 1917 ·

191 1993 336 2055 pugnare
356 1988 428 2036 sunt
448 1976 568 2053 adorti3
590 1977 628 2038 ttb
652 1997 754 2072 eaque
775 1977 915 2069 turpiter
936 1975 1058 2070 repulsi
1077 1997 1151 2057 pro·

190 2053 275 2114 tinus
291 2053 322 2113 in
336 2053 465 2130 urbem,
487 2055 580 2116 armis
593 2059 892 2140 rmped1ment1sque
907 2075 1044 2128 amlss1s‚
1064 2054 1152 2116 resu-

151 2131 171 2196 6
192 2144 317 2212 gerunt.
362 2132 450 2200 Usus,
467 2144 516 2194 est
524 2135 739 2216 Thrasybulus
759 2157 823 2196 non
843 2135 944 2196 minus
967 2134 1152 2214 prudentia,

190 2232 286 2292 quam
299 2210 497 2274 fortitudine.
525 2217 603 2274 Nam
624 2216 775 2274 cedentes
796 2215 911 2277 violari
927 2214 1042 2275 vetuit:
1063 2215 1151 2274 cives

191 2289 275 2349 enim
296 2289 417 2350 civibus
432 2311 566 2372 parcere
588 2314 723 2386 aequum
738 2293 898 2354 censebat.
932 2295 1045 2375 Neque
1067 2293 1152 2430 quis·

191 2388 286 2446 quam
303 2380 351 2428 est
366 2371 567 2449 vulneratus,
587 2373 647 2431 nisr
666 2372 720 2454 qui
733 2373 824 2452 prior
837 2372 1023 2455 impugnare
1040 2391 1080 2432 vo
1094 2372 1149 2432 uit.

189 2447 354 2508 Neminem
381 2449 537 2512 iacentem
563 2461 654 2511 veste
684 2451 832 2532 spoliarit
839 2472 848 2528 3
881 2452 924 2531 nil
952 2451 1071 2532 attigit,
1092 2451 1151 2510 nisi

190 2546 293 2601 arma,
359 2549 451 2588 orum
465 2529 641 2610 indigebat,
664 2541 697 2590 et
720 2551 802 2612 quae
821 2529 860 2589 ad
877 2531 997 2591 vietum
1011 2530 1151 2611 pertine·

149 2623 170 2684 7
189 2601 275 2662 bant.
314 2547 518 2668 ddseeundo
542 2607 667 2688 proelio
689 2609 805 2670 cecidit
820 2609 950 2680 Critias,
973 2608 1037 2668 dux
1047 2620 1151 2688 tyran-

188 2701 319 2757 norum,
343 2707 441 2767 quum
462 2685 591 2768 quidem
612 2685 802 2749 exadversus
827 2688 1060 2768 Thrasybulum
1084 2687 1151 2749 for·

189 2759 306 2823 tissime
327 2775 492 2846 pugnaret.

268 2844 318 2902 111.
347 2845 419 2903 Hoc
440 2841 566 2902 deiecto
585 2844 753 2904 Pausanias
772 2845 860 2905 venit
880 2845 994 2906 Atticis
1017 2846 1150 2920 auxilio,

188 2939 246 2980 rex
266 2920 601 2982 Lacedaemoniorum.
631 2925 659 2982 Is
680 2925 763 2982 inter
777 2924 1009 3002 Thrasybulum
1031 2937 1063 2985 et
1085 2945 1150 3000 eos,
1182 2925 1187 2935 “

189 2997 244 3082 qui
262 2999 377 3059 urbem
401 2997 570 3076 tenebant,
594 3001 672 3062 feeit
691 3021 804 3083 pacem
824 3002 873 3062 his
898 3003 1148 3066 conditionibus:

187 3097 228 3138 ne
243 3078 297 3160 qui
312 3087 442 3158 praeter
456 3077 583 3160 triginta
596 3093 743 3174 tyrannos
764 3093 796 3142 et
814 3080 942 3156 decem,
964 3084 1019 3164 qui
1035 3095 1150 3164 postes

186 3168 355 3236 praetores
383 3155 482 3216 creati
510 3160 685 3242 super1oris
712 3181 803 3221 more
833 3159 1029 3222 crudelitatis
1057 3173 1149 3224 erant

234 3371 264 3434 8)
290 3372 326 3422 its
351 3369 432 3423 codd.
449 3373 567 3442 Guelph.
585 3376 652 3426 Dan.
671 3374 713 3427 ed.
732 3373 813 3428 Bard.
832 3379 866 3430 tl·
904 3405 937 3419 -
971 3379 1146 3448 vulgoldm'·

183 3449 293 3499 eorum
309 3438 358 3490 sed
376 3439 413 3490 ci.
430 3439 499 3490 sav.
519 3450 545 3492 et
562 3441 640 3493 Bard.
