2564 3872
426 388 537 486 xlsst
560 437 723 492 nutante.
751 441 774 480 ι.
797 439 825 482 a.
1041 421 1107 482 ³103

135 577 274 659 tiendo,
294 576 465 642 callldltate
480 578 702 646 etucalaottate
722 577 851 662 lugenll.
892 577 954 640 Hl'c
973 575 1150 664 penando-4

147 659 342 726 lescentulus
367 658 407 718 ad
427 656 594 720 amicitiam
615 659 750 724 accessit
769 657 926 739 Philippi,
955 657 1109 736 Amyntae

147 740 224 815 otti,
248 737 406 820 bacvique
430 749 576 816 tempore
597 736 629 798 in
650 737 789 800 intimam
812 737 961 818 pervenit
981 735 1111 797 lasnilia·

147 821 283 884 ritatcm.
315 815 474 896 Fulgebat
494 816 577 890 enim
598 815 660 876 lam
679 815 711 880 iu
727 817 967 882 adolescentulo
987 815 1110 877 indoles

149 897 286 968 virtutis.
326 897 437 978 ltaque
459 912 535 955 eum
554 894 667 962 habuit
682 895 722 956 ad
737 917 862 964 manum
877 896 1000 958 scribae
1020 895 1110 959 loco:
1131 897 1151 961 6

149 975 239 1063 quod
262 977 363 1036 multo
388 973 474 1054 apud
496 973 611 1040 Graios
641 973 901 1042 honorificentius
926 987 992 1050 est,
1016 996 1113 1068 quam

150 1057 236 1140 apud
254 1059 426 1123 Romanos,
465 1054 545 1115 Nam
568 1053 653 1134 apud
679 1073 757 1132 noa,
782 1073 898 1116 uetera
919 1055 1001 1116 sicut
1022 1067 1110 1121 sunt,

148 1135 339 1199 mercenarii
359 1133 483 1202 scribae
499 1133 735 1212 existimantem
757 1145 788 1196 at
804 1133 890 1226 apud
905 1133 977 1196 illoa
998 1154 1017 1196 o
1038 1155 1113 1196 con·

149 1218 250 1280 tran-io
273 1216 303 1296 b)
326 1211 483 1286 ncmo'ad'
501 1213 535 1274 ld
556 1210 698 1280 otticium
719 1213 913 1290 admittatur,
935 1213 995 1278 nisi
1014 1214 1113 1278 hone·

150 1309 200 1359 sto
225 1298 316 1376 lucu,
338 1306 371 1359 et
392 1292 455 1354 lide
477 1303 510 1354 ct
530 1291 684 1358 iudustoia
706 1293 849 1374 cognitas
871 1294 960 1390 qnod
980 1314 1112 1357 necesse

151 1389 200 1438 eat
219 1375 358 1446 omnium
379 1373 583 1446 consiliorum
603 1393 677 1436 eum
694 1393 764 1438 ease
782 1373 980 1455 participem.
1019 1376 1113 1434 Hunc
1134 1376 1154 1437 ὁ

150 1455 257 1530 locum
271 1454 375 1516 tenuit
388 1452 543 1523 amicitiae
561 1452 647 1534 apud
661 1453 846 1549 Philippum
865 1474 962 1516 annos
977 1465 1112 1534 septem.

151 1537 210 1599 lllo
232 1533 421 1608 interiecto,
445 1533 561 1601 eodem
581 1533 684 1628 gradu
706 1533 769 1601 sust
792 1533 878 1614 apud
899 1533 1115 1598 Alexandrum

152 1634 249 1686 stauos
269 1612 435 1680 tredecim,
474 1612 656 1684 Novissime
678 1625 828 1694 tempooe
851 1611 993 1694 praefuit
1018 1613 1113 1674 ctiam
1133 1633 1154 1690 7

152 1694 271 1759 alterae
289 1689 319 1772 ⁷)
335 1693 479 1777 equitum
495 1691 581 1765 alae,
596 1713 678 1776 quae
694 1691 866 1754 Hetaerice
883 1692 1114 1772 appellabatur.
1150 1697 1154 1705 “

152 1774 290 1862 Utrique
308 1785 415 1838 autem
433 1772 466 1832 iu
487 1771 619 1840 consitio
642 1791 771 1852 campen
790 1770 899 1846 affuit,
921 1783 954 1836 et
975 1773 1116 1842 omnium

152 1874 263 1923 sacrum
281 1851 408 1919 habitus
434 1863 482 1910 est
505 1849 676 1930 particeps.

221 1933 259 2000 ll,
290 1929 471 2000 Alexandro
498 1928 662 2008 Babylone
698 1938 847 2012 moutuo,
882 1948 981 2011 quum
1016 1947 1114 2009 regna
1140 1952 1151 1987 t

154 2011 202 2079 sin
227 2009 289 2076 ulia
300 2007 507 2072 familiaribus
527 2007 574 2068 dis
595 2009 792 2084 ,entireutur,
817 2017 849 2070 et
869 2027 991 2068 summa
1008 2027 1118 2068 rerum

153 2031 269 2152 tradita
293 2099 379 2159 esset
400 2088 518 2150 tuenda
544 2029 666 2168 eidem,
694 2087 747 2150 cui
767 2087 950 2156 Alexander
976 2086 1117 2150 moriens

154 2171 303 2242 annulum
328 2189 421 2230 auum
449 2167 599 2252 dederat,
628 2167 823 2232 Perdiccae!
853 2187 893 2233 ex
920 2187 985 2250 quo
1007 2187 1156 2229 omueaa

107 2287 111 2293 -
155 2249 374 2325 coniecerant,
405 2267 478 2313 eunt
505 2267 641 2332 regnum
668 2249 699 2312 ci
727 2248 984 2326 commendasse,
1012 2247 1118 2330 quoad

57 2357 60 2362 ·
140 2327 248 2400 ,libeni
271 2327 339 2388 eius
368 2327 402 2400 in
430 2349 519 2390 auam
548 2331 683 2391 tutelam
706 2328 944 2410 pervenissentt
969 2326 1119 2410 (aberant

156 2407 239 2476 euim
267 2411 418 2470 Craterus
450 2419 483 2469 et
510 2410 697 2491 Antipater,
752 2408 783 2469 ui
810 2409 1003 2470 antecedere
1033 2405 1118 2470 huuc

156 2485 361 2549 videhantur:
391 2500 536 2550 mortum
560 2497 631 2551 enat
654 2428 872 2582 Hepdaeatio,
947 2509 999 2548 em
1022 2505 1119 2557 unum

156 2563 353 2647 allexander,
374 2569 462 2646 quod
481 2566 576 2632 l'acile
592 2569 727 2650 intelligi
740 2578 869 2648 posset,
924 2566 1019 2628 urimi
1031 2565 1120 2626 l'ece-
1205 2597 1215 2610 ,

156 2646 239 2721 rat);
260 2641 323 2710 hoc
344 2653 492 2724 tempore
513 2646 585 2706 data
598 2659 648 2708 est
662 2646 799 2710 Eumeni
812 2646 1033 2726 Cappadocia,
1051 2645 1118 2708 sive

79 2760 87 2768 -
180 2722 263 2794 otius
294 2721 387 2781 dicta.
427 2723 508 2782 Nam
536 2737 605 2788 tum
632 2726 665 2788 in
693 2723 833 2788 hostium
860 2735 930 2784 erat
973 2735 1118 2786 otestate.

156 2745 251 2870 llnnc
271 2800 331 2862 sibi
353 2799 525 2863 Perdiccas
546 2801 731 2866 adiunxerat
750 2822 865 2884 magno
884 2814 936 2863 atu
961 2802 1010 2880 ‘o,
1031 2804 1118 2886 qu'od
1139 2807 1158 2867 3

157 2883 188 2944 in
210 2881 337 2944 homine
356 2879 453 2941 fidem
468 2892 502 2943 et
522 2880 708 2944 industriam
730 2901 874 2964 maguam
890 2881 1034 2944 videbat:
1055 2899 1119 2942 uon

159 2961 321 3037 dubitans,
350 2959 377 3021 si
401 2981 477 3027 cum
496 2959 698 3042 pellexisset,
726 2980 842 3054 magno
866 2960 938 3022 usui
960 2961 1034 3022 lose
1060 2961 1120 3020 sihi

159 3044 190 3105 in
210 3040 259 3101 his
279 3039 396 3117 rebus,
416 3060 495 3124 quas
514 3039 697 3133 apparabat.
719 3038 889 3121 cogitabat
909 3040 1010 3116 enim,
1032 3039 1121 3121 quod

159 3119 229 3182 l'ere
254 3139 363 3184 amnes
379 3122 411 3182 in
424 3119 544 3203 magnis
558 3118 699 3199 imperiis
714 3137 817 3182 conou
838 3117 959 3195 isonat,
980 3118 1120 3180 onmium

127 3211 130 3216 '
159 3212 265 3281 paitcs.
287 3200 454 3290 'corripere
476 3211 574 3291 atque
596 3197 777 3288 complecti
815 3139 931 3285 llpquc
952 3217 1032 3263 vero
1058 3195 1161 3268 hoel

168 3348 350 3368 ..ιι-...ὴ

226 3424 255 3494 6)
279 3384 487 3496 coddspttetei
499 3427 575 3482 netd.
596 3427 758 3487 contrario,
779 3426 878 3478 omissa
896 3397 1119 3494 praepositione,

160 3505 195 3548 ut.
215 3497 248 3546 cl.
269 3493 348 3546 llasd.
366 3523 398 3534 -
426 3495 452 3564 7)
473 3498 509 3547 ita
528 3495 625 3562 cudda
643 3502 704 3548 vett.
724 3494 786 3548 edd.
807 3494 904 3558 olterl,
919 3495 953 3546 cl.
973 3492 1043 3546 Stav.
