2524 3872
199 478 238 527 sa
497 461 521 524 1.
541 477 731 524 utnrtaunt.
760 461 835 542 ne

197 638 331 682 numero
345 616 449 711 prima
472 617 540 681 eiua
563 617 667 702 imago
688 627 883 703 poneretur,
901 619 993 703 isque
1013 616 1162 682 tonare.

157 709 253 775 utun
288 697 420 773 milites,
453 697 677 782 proeliumque
718 697 944 760 committeret
985 697 1072 758 Idem
1103 699 1162 762 ille

222 775 355 858 opulus,
373 786 579 862 posteaquam
599 778 699 840 maius
720 776 890 857 imperium
911 787 1101 854 estractus,
1126 789 1162 840 et

198 799 368 938 lbrgitione
384 855 624 936 magistratuum
642 865 813 935 corruptus
834 866 901 934 est,
922 865 1078 918 trecentas
1098 867 1161 918 tta·

198 945 268 998 tuas
293 933 460 998 Demetrio
481 933 640 997 Phalereo
663 934 817 996 decrevit.
1254 927 1255 944 ¹

281 1011 349 1076 Vll.
373 1013 452 1072 Post
470 1011 533 1073 hoe
552 1014 711 1106 proelium
735 1011 868 1073 classem
886 1011 1085 1094 septuaginta
1106 1033 1161 1074 na·

198 1089 286 1151 vium
307 1089 516 1150 Athenienses
531 1092 636 1153 erdem
648 1089 781 1152 Miltiadi
794 1091 971 1166 dederunt,
984 1102 1020 1152 ut
1033 1091 1161 1168 insulas,

201 1190 284 1251 quae
305 1169 459 1236 barbaros
474 1169 676 1243 adiuvemus,
695 1168 782 1230 bello
799 1181 1063 1253 persequeretur.
1084 1170 1162 1258 Quo

199 1247 242 1308 im
268 1248 336 1309 erio
356 1249 527 1329 plerasque
555 1250 595 1314 ad
620 1248 763 1315 cilicium
792 1248 899 1315 redire
927 1248 1053 1330 coligit,
1083 1271 1162 1310 non-

161 1346 179 1391 tt
199 1269 300 1393 nullas
320 1325 350 1387 vi
370 1327 571 1406 expugnavit.
611 1329 662 1388 Ex
681 1328 729 1388 his
751 1327 871 1388 Parum
883 1325 1032 1403 insulam,
1046 1327 1162 1408 opibus

202 1405 333 1482 elatam,
356 1424 453 1488 quum
477 1406 621 1472 oratione
645 1405 854 1472 reconciliare
875 1425 939 1466 nou
961 1417 1088 1488 posset,
1107 1425 1163 1468 co·
1254 1465 1255 1478 ,

199 1484 268 1564 piar
284 1504 302 1544 e
316 1481 448 1546 navibus
464 1483 589 1561 eduxit,
611 1485 725 1551 urbem
744 1482 897 1566 operibus
913 1483 1042 1561 clausit,
1063 1485 1164 1549 omni·

201 1581 266 1644 que
281 1571 460 1630 cumrncatu
477 1562 615 1643 priuauit
621 1585 631 1642 3
650 1564 766 1626 deinde
786 1562 883 1624 vineis
900 1582 937 1622 ac
950 1562 1163 1624 testudinibus

161 1640 397 1715 secastitutis,
426 1641 559 1721 propius
589 1664 698 1712 muros
721 1641 865 1703 accessit.
905 1641 1015 1725 Quum
1041 1641 1104 1700 ianr
1130 1643 1164 1702 in
1254 1657 1255 1718 ᾗ

202 1739 243 1784 eo
266 1730 366 1794 esset,
387 1729 423 1783 ut
445 1720 564 1800 oppido
588 1722 764 1802 potiretur,
794 1720 911 1800 procul
934 1720 966 1780 ln
990 1719 1163 1789 continenti
1254 1723 1255 1768 ἶ

201 1797 304 1874 lucus,
325 1799 380 1888 qui
401 1817 441 1864 ex
459 1797 560 1859 insula
574 1799 847 1882 conspiciebatur,
868 1797 977 1859 nescio
996 1819 1060 1881 quo
1076 1819 1164 1875 casu,

201 1888 358 1944 nocturno
380 1887 527 1957 tempore
547 1878 692 1946 incensus
708 1889 766 1942 est
807 1875 904 1944 cuius
921 1875 1046 1938 flamma
1064 1888 1101 1936 ut
1122 1876 1162 1936 sb

203 1955 367 2040 oppidanis
388 1966 420 2016 et
440 1956 715 2048 oppugnatoribus
737 1967 786 2022 est
805 1955 892 2030 visa,
907 1955 1054 2038 utrisque
1075 1956 1165 2016 venit

162 2045 183 2115 4
203 2033 235 2092 in
255 2034 454 2114 epimonem,
473 2055 597 2115 signum
611 2057 629 2102 a
644 2035 809 2098 classiariis
825 2053 863 2094 rc
886 2033 923 2094 iis
941 2034 1059 2096 datum.
1087 2033 1164 2117 Quo

203 2110 323 2179 linctum
338 2123 404 2187 est,
424 2123 461 2170 ut
485 2124 520 2181 et
538 2113 625 2181 Parii
639 2133 658 2172 a
673 2113 833 2180 deditione
875 2122 1115 2189 eterrarantur,
1131 2123 1166 2174 et

204 2188 378 2263 Miltiades,
398 2189 528 2267 timens,
548 2210 589 2252 ne
609 2191 715 2254 classis
728 2193 817 2274 regia
830 2190 1034 2267 adventaret,
1057 2191 1166 2252 incen·
1209 2223 1212 2230 ⁴

156 2288 160 2294 ·
204 2267 247 2328 sis
272 2266 442 2347 operibus,
488 2289 546 2329 uac
569 2280 743 2348 statuerat,
764 2289 837 2338 cum
856 2269 991 2333 totidem
1011 2269 1165 2344 naribus,

203 2357 301 2436 etque
319 2355 388 2411 erat
406 2288 591 2433 proiectus,
609 2347 749 2412 Athenae
764 2367 875 2430 magna
896 2367 968 2408 cum
985 2346 1166 2414 offensione

163 2419 323 2488 beitiurn
338 2443 470 2486 suorum
492 2427 622 2494 rediret,
662 2427 836 2492 Accusatus
859 2445 940 2506 crgo
964 2425 1168 2516 proditionis,

77 2539 97 2580 4,
204 2500 309 2591 quod,
334 2523 432 2590 quum
455 2505 573 2570 Parum
597 2524 779 2597 expugnare
826 2516 928 2580 osset,
951 2526 969 2563 a
993 2525 1072 2584 rege
1094 2524 1170 2566 cor·-

104 2587 113 2616 2
203 2591 317 2664 ruptus
329 2579 456 2646 iniectis
465 2581 561 2652 rebus
574 2584 771 2654 discessisset
782 2525 824 2661 ll).
845 2583 894 2650 Eo
908 2594 972 2642 tem
997 2603 1055 2649 ore
1069 2602 1170 2662 aeger·

205 2669 274 2719 crat
294 2658 489 2739 vulneribus,
510 2664 638 2757 quaein
658 2661 871 2745 oppugnando
891 2603 1011 2748 oppido
1032 2680 1168 2740 aecepe-

203 2749 261 2805 rat.
302 2737 413 2826 Itaque
456 2762 583 2808 uoniam
603 2742 672 2826 ipse
693 2761 754 2831 pro
779 2747 813 2805 se
831 2739 940 2800 dicere
961 2757 1025 2800 nora
1045 2751 1169 2818 posset,

163 2815 303 2882 buerba
333 2815 413 2880 feeit
434 2761 543 2889 lrater
573 2819 640 2880 eius
670 2822 847 2900 'l'rsagoros
889 2821 989 2879 Causa
1020 2816 1169 2896 cognita,

204 2893 315 2984 cepitis
343 2893 524 2975 absolutus,
554 2897 690 2991 pecunia
716 2897 868 2958 'multatus
899 2907 966 2972 est,
995 2915 1099 2978 eaque
1128 2897 1168 2960 lis

205 2973 431 3064 quinquaginta
452 2978 579 3044 talentis
601 2977 762 3044 aestimata
786 2987 852 3052 est,
873 2986 1008 3058 quantus
1032 2974 1064 3040 in
1088 2974 1170 3037 elas·
1250 3035 1251 3059 ,

204 3071 272 3117 seru
293 3063 415 3120 sumtus
438 3053 542 3123 factus
567 3067 645 3120 arat.
685 3057 775 3116 Hanc
799 3055 968 3136 pecuniam
994 3054 1083 3136 quod
1104 3055 1171 3135 sol,

204 3149 284 3198 uere
311 3129 343 3190 in
366 3135 546 3220 praesentia
569 3154 632 3197 nan
654 3137 807 3222 poterat,
829 3131 861 3191 in
888 3133 1014 3200 vincula
1038 3129 1171 3220 publica

204 3208 369 3280 coniectus
393 3221 452 3290 eet,
474 3211 583 3307 ibique
602 3212 699 3300 ,diem¹
714 3211 794 3278 obiit
818 3229 1013 3302 supremum.

205 3355 416 3380 ιιι-...καφ

254 3428 284 3494 8)
306 3431 385 3494 vulgo
401 3447 419 3484 a
432 3446 528 3496 pugnus
541 3429 728 3512 &scamium
745 3432 842 3484 demut
858 3431 908 3512 buc
925 3449 1006 3488 secet
1024 3434 1051 3486 in
1071 3431 1171 3500 cedd„
1248 3431 1249 3440 ¹

205 3510 286 3570 qam
304 3493 340 3549 ob
362 3509 420 3552 rem
438 3498 525 3556 Brent-
543 3499 645 3558 esau,
663 3499 765 3558 Desu-
784 3501 819 3558 sl·
838 3511 995 3558 omnum·
1016 3528 1049 3547 ···
