2564 3872
424 420 640 474 rasennam.
663 422 704 462 ιι.
727 372 783 461 iu.
1028 400 1083 481 1⁶7

85 633 87 638 ,
121 569 222 651 bique
259 562 405 639 flumina,
441 580 580 642 gemmas
618 521 869 640 margaritasque
915 547 1085 622 tollentia.

122 645 286 736 lornaudcs
308 643 348 704 de
378 639 447 701 reb.
476 637 602 698 Gothic.
629 657 655 697 c.
672 655 703 696 n.
959 663 962 672 2

477 743 498 792 C
516 741 538 788 A
556 741 577 790 P
594 741 619 790 U
636 741 660 790 T
694 741 755 791 XII·

218 825 391 898 ‘nmsroni
415 841 601 896 consutus
622 848 742 889 narms
768 826 1005 906 cancerosus.

192 969 264 1017 Haec
282 962 337 1012 duo
362 959 493 1026 epistolae
508 956 663 1021 fllrugmenta
688 956 717 1004 in
732 957 874 1005 ‘nonnullis
895 957 975 1006 codd.
998 956 1087 1023 (Voss,

122 1037 156 1086 Δ.
180 1033 236 1086 Gil.
255 1029 302 1097 al.)
327 1025 515 1088 alleluiatici,
539 1023 567 1083 in
584 1023 663 1072 Voss.
681 1021 711 1072 C.
734 1022 844 1088 Catonis
867 1024 937 1074 vitae
963 1023 1089 1076 adiuncta

104 1110 196 1154 sum.
230 1100 260 1148 In
279 1094 341 1146 cod.
361 1093 417 1142 Gil.
435 1089 646 1156 superinscripta
671 1096 732 1137 sunt
756 1088 835 1152 haec:
869 1089 956 1138 Verba
981 1108 1014 1138 ex
1033 1092 1087 1157 epi·

124 1169 199 1219 stola
219 1163 364 1220 Corneliae
373 1195 383 1222 ,
405 1155 597 1206 Gracchorum
615 1157 730 1216 matris,
756 1173 789 1204 ex
805 1153 877 1203 libro
896 1157 1017 1206 Cornelii
1033 1157 1086 1204 Ne-

33 1273 35 1281 2
121 1239 197 1305 potis
221 1234 253 1284 de
280 1227 386 1278 Latinis
413 1224 555 1274 historicis
582 1231 719 1289 excerpta.
746 1251 780 1263 -
804 1220 932 1274 Ceterum
951 1223 1087 1274 subdititia

125 1308 255 1370 putantur
273 1313 289 1346 a
304 1295 406 1345 multis.
424 1292 458 1343 cl.
480 1289 558 1340 band.
578 1289 643 1355 ibiq.
662 1289 734 1340 laud.

203 1435 307 1494 Dices
318 1424 348 1506 7)
360 1423 531 1507 pulchrum
547 1423 617 1482 esse
635 1421 778 1504 inimicos
792 1421 912 1482 ulcisci.
934 1420 969 1480 ld
982 1440 1087 1504 neque
1112 1447 1124 1491 ι
1220 1447 1223 1453 ’

124 1511 242 1588 maius,
270 1527 374 1592 neque
402 1501 567 1583 pulchrius
595 1502 762 1584 cuiquam,
791 1511 886 1582 atque
917 1520 986 1561 esse
1014 1501 1091 1559 mihi

126 1592 274 1666 videtur3
294 1587 350 1647 sed
371 1585 398 1642 si
412 1581 506 1641 liccat
527 1578 694 1657 republica
714 1579 800 1640 salua
821 1600 859 1638 ea
876 1577 906 1658 8)
929 1580 1090 1661 persequi.

97 1680 102 1686 '
129 1670 198 1730 Sed
229 1677 381 1750 quatenus
410 1659 443 1718 id
469 1657 540 1716 lieri
567 1677 630 1714 non
657 1667 784 1736 potest,
811 1659 912 1716 multo
943 1670 1090 1737 tempore

126 1747 300 1829 multisque
315 1737 464 1824 partibus.
478 1733 593 1794 inimici
608 1735 710 1796 nostri
730 1755 793 1794 non
807 1735 958 1813 peribunt
964 1757 974 1810 3
995 1749 1093 1816 atque

126 1827 175 1886 uti
194 1825 276 1886 nunc
301 1833 390 1896 sunt,
411 1825 505 1876 erunt
527 1811 651 1894 potius,
674 1833 769 1894 quam
790 1832 843 1872 res
868 1813 997 1894 publica
1017 1835 1091 1893 pro-

11 1911 13 1954 >
98 1925 100 1929 ’
124 1903 254 1988 fligetur
276 1916 370 1986 atquc
391 1903 515 1978 pereat.

423 2063 425 2068 s
460 2030 576 2093 sensu
601 2028 796 2088 europaeo.

92 2182 96 2187 .
204 2121 326 2186 *Verbis
351 2115 515 2196 conceptis
546 2113 691 2172 deierare
721 2111 839 2186 ausim,
867 2094 1133 2204 praeterquamli

128 2203 184 2284 qui
201 2201 367 2262 Tiberium
383 2193 566 2255 Gracchum
579 2202 752 2266 necarunt,
766 2189 923 2250 neminem
938 2191 1095 2250 inim1cum

128 2292 250 2340 tantum
270 2275 440 2338 molestiae
459 2283 647 2352 tantumque
669 2269 805 2344 laboris,
826 2280 977 2350 quantum
997 2280 1031 2328 te
1052 2265 1093 2329 ob

128 2359 186 2419 has
213 2378 283 2434 res,
308 2353 385 2416 mihi
415 2349 603 2412 tradidisse:
633 2369 729 2430 quem
758 2347 928 2427 oportebat
956 2347 1094 2407 omnium

130 2457 262 2513 eorum⁷
290 2436 371 2517 quos
404 2441 477 2490 ante
498 2427 667 2488 habuerim
691 2425 829 2503 liberos,
860 2425 957 2506 partis
983 2445 1097 2484 eorum

129 2517 272 2575 tolerare
293 2525 389 2595 atque
411 2527 536 2578 curare,
560 2518 596 2564 ut
618 2525 712 2596 quam
733 2505 893 2574 minimum
910 2502 1096 2564 sollicitudi-

130 2593 179 2652 nis
195 2593 227 2651 in
245 2602 372 2652 senecta
391 2585 564 2660 haberem,
586 2593 717 2662 unque,
737 2601 956 2672 quaecumque
974 2601 1096 2662 ageres,

133 2689 171 2730 ea
189 2671 291 2732 velles
315 2667 450 2728 maxime
474 2661 551 2721 mihi
575 2661 725 2740 placere,
748 2671 842 2740 atque
863 2670 910 2716 uti
932 2660 1021 2716 nolas
1042 2658 1095 2716 ha-

130 2748 226 2809 beres
256 2767 367 2808 rerum
398 2743 558 2803 maiorum*
584 2737 754 2797 adversum
780 2757 882 2796 meam
909 2735 1096 2794 sententiam

133 2828 305 2909 quidquam
337 2825 467 2898 l'acere3
499 2815 688 2898 praesertim
709 2814 804 2890 mihi,
830 2814 881 2872 cui
904 2828 1096 2892 parva·pars
1125 2877 1130 2890 ⁸

135 2906 218 2966 vitae
244 2913 408 2984 superest,
444 2901 485 2958 nc
514 2895 548 2954 id
579 2894 706 2976 quidem
738 2903 802 2952 tam
829 2891 929 2951 breve
961 2893 1096 2970 spatium

131 2991 241 3062 potest
277 2979 444 3062 opitulari,
479 2975 556 3059 quin
584 2984 617 3032 et
647 2969 724 3030 mihi
756 2970 935 3032 adverseris
965 2980 997 3028 et
1027 2988 1096 3028 rem

134 3061 294 3140 publicam
318 3055 481 3140 prolliges.
523 3051 672 3133 Denique
705 3069 787 3130 quae
811 3065 907 3128 pausa
936 3047 1020 3107 erit?
1046 3067 1096 3108 ec·

134 3140 261 3220 quando
285 3134 315 3218 9)
338 3136 461 3197 desinet
482 3130 601 3192 familia
620 3139 728 3188 nostra
741 3125 906 3188 insanire?
928 3127 1095 3219 ecquando

133 3217 248 3278 modus
274 3217 304 3277 ei
331 3215 379 3275 rei
405 3211 516 3272 haberi
542 3204 687 3290 poterit?
718 3207 885 3290 ecquando
916 3205 1094 3267 desinemus

186 3381 213 3449 7)
239 3383 276 3461 ita
294 3383 371 3434 Voss.
389 3383 421 3433 A.
441 3382 498 3432 Gis.
522 3377 642 3448 Guelph.
668 3404 702 3422 --
730 3379 764 3430 sl.
793 3374 869 3427 dicia
888 3398 922 3416 ι·
948 3375 976 3443 8)
996 3375 1030 3428 sl.
1049 3393 1093 3429 eos

132 3465 293 3583 perbbqlill.
312 3523 338 3566 et
357 3517 383 3564 in
402 3531 476 3582 seqq.
496 3515 541 3565 alii
560 3511 724 3584 ecquando.
