2524 3872
168 410 203 474 16
563 431 764 475 enarrarre.

110 605 111 612 .
162 590 288 634 scenam
313 572 342 652 ¹)
364 583 433 650 eat,
455 570 606 634 mercede
627 571 794 635 conducta.
823 570 944 654 Magnis
964 571 997 632 in
1016 571 1166 635 laudibus
1243 551 1244 572 Ξ

163 683 228 732 tota
258 667 330 733 fere
356 673 420 734 fuit
441 674 592 753 Graecia,
622 674 780 736 victorem
802 671 969 755 Olympiae
999 674 1109 753 citari,
1135 675 1168 736 in
1243 715 1244 760 1

162 794 288 834 scenam
308 793 388 836 vero
412 776 561 857 prodire,
591 786 624 837 et
643 774 766 856 populo
791 796 862 837 esse
883 778 1086 858 spectaculo,
1112 799 1169 840 ne·

162 876 238 934 mini
260 876 292 936 in
315 876 436 938 eisdem
459 878 605 960 gentibus
629 876 691 938 fuit
713 875 912 958 turpitudini.
947 875 1040 962 Quae
1061 879 1169 940 omnia

164 976 249 1058 apud
263 999 321 1039 nos
336 967 452 1060 partim
462 977 603 1056 infamia,
616 979 732 1060 partim
745 976 875 1038 humilia
890 989 987 1060 atque
1001 978 1040 1039 ab
1053 979 1169 1042 hones-

162 1092 228 1141 tate
249 1093 373 1140 remota
386 1092 558 1164 ponuntur.
584 1081 703 1140 Contra
716 1099 754 1140 ca
767 1081 920 1164 pleraque
937 1081 1055 1142 nostris
1069 1083 1169 1143 mori-

161 1183 220 1242 bus
235 1194 307 1242 sunt
320 1183 457 1260 decora,
472 1201 553 1264 quae
567 1182 651 1264 apud
665 1181 737 1242 illos
754 1181 860 1262 turpia
873 1193 1035 1262 putantur.
1060 1183 1168 1272 Quem
1243 1203 1244 1268 l

164 1283 249 1366 enim
263 1285 481 1347 Romanorum
496 1285 613 1368 pudet,
633 1301 767 1344 uxorem
782 1282 901 1344 ducere
914 1283 945 1342 in
962 1283 1168 1347 convivium?
1243 1283 1244 1342 j

164 1399 218 1448 aut
239 1387 328 1476 cuius
351 1408 416 1450 non
442 1387 679 1449 materfamilias
706 1386 844 1470 primum
867 1385 978 1446 locum·
1006 1397 1096 1446 tenet
1116 1407 1169 1448 ae·

163 1490 271 1567 dium,
302 1501 399 1572 atque
426 1492 458 1551 in
478 1489 665 1552 celebritate
685 1485 856 1552 versatur?
889 1485 988 1578 Quod
1004 1489 1109 1563 multo
1132 1488 1169 1552 fit
1243 1555 1244 1560 ,

164 1593 257 1663 aliter
276 1593 309 1652 in
329 1591 474 1654 Graecia.
503 1595 583 1652 Nam
602 1609 706 1674 neque
726 1588 759 1647 in
781 1587 961 1650 convivium
982 1589 1169 1670 adhibetur,
1243 1607 1244 1658 ἢ

162 1695 222 1754 nisi
242 1695 513 1779 propinquorum,
535 1713 641 1776 neque
659 1690 767 1766 sedet,
785 1689 844 1750 nisi
860 1690 891 1750 in
907 1691 1059 1752 interiore
1073 1705 1168 1773 parte

164 1797 307 1876 aedium,
328 1817 411 1883 quae
435 1793 648 1879 gynaeconitis
664 1791 862 1874 appellatur,
883 1815 947 1878 quo
965 1813 1059 1854 nemo
1074 1797 1188 1856 acce-¹

80 1975 82 1980 Ι
164 1897 228 1976 dit,
255 1891 315 1958 nisi
344 1895 525 1980 propinqua
558 1895 746 1979 cognatione
779 1891 977 1955 coniunctus.
1017 1895 1082 1956 Sed
1113 1896 1169 1960 hic

163 2002 256 2082 plura
284 2001 454 2084 persequi,
486 2007 555 2058 tum
587 1993 772 2076 magnitudo
802 1995 969 2056 voluminis
997 1997 1169 2078 prohibet,

162 2112 232 2160 tum
261 2100 443 2177 festinatio,
474 2110 511 2158 ut
537 2117 575 2158 ea
601 2095 776 2176 explicem,
807 2115 888 2179 quae
922 2116 1055 2161 exorsus
1083 2121 1169 2162 sum.
1217 2141 1219 2144 -

164 2199 273 2290 Quare
288 2201 328 2260 ad
352 2199 551 2281 propositum
573 2197 754 2273 veniemus,
775 2211 809 2259 ct
829 2197 860 2258 in
880 2199 943 2263 hoc
969 2221 1170 2284 exponemus

164 2301 248 2364 libro
271 2300 312 2362 de
336 2302 401 2364 rita
423 2299 454 2381 2)
476 2297 698 2362 excellentium
721 2291 965 2392 Imperatorum]
1063 2319 1074 2334 s

166 2451 367 2468 *ια-

200 2537 224 2604 ι)
244 2537 284 2586 lta
303 2553 396 2588 omnes
413 2537 495 2590 codd.
517 2538 681 2604 Heusingero
697 2539 801 2606 placuit
818 2538 857 2590 od
869 2540 970 2603 lenum,
983 2543 1017 2594 cl.
1032 2542 1075 2596 ed.
1090 2543 1169 2598 lleid.

194 2625 223 2694 a)
247 2627 288 2679 lta
303 2629 413 2698 plurimi
429 2639 456 2682 et
470 2629 565 2699 optim.
586 2627 668 2680 codd.
684 2656 719 2669 -
737 2630 772 2680 al.
790 2631 879 2696 vitus,
900 2631 936 2684 cs.
955 2633 1025 2685 Stat.
1099 2670 1106 2680 .

563 2854 764 2880 *ι-
