2564 3872
179 421 234 490 ¹44
473 411 573 478 XXV·
595 431 740 478 anricus.
761 415 790 478 8.
811 431 840 498 9.

174 569 289 633 talibus
319 592 354 633 se
373 571 522 634 'consiliis
552 569 758 648 removisset,
779 589 840 632 'res
864 571 973 635 ondits
1001 577 1029 637 si
1056 579 1136 661 qnid

174 653 295 714 Brntus
321 651 362 713 de
388 651 453 712 suis
478 647 685 714 facultatibus
716 651 764 711 uti
793 593 963 738 scidisset,
990 677 1136 736 usurum,

196 729 414 790 uantum-hae
442 739 648 812 paterentur3
675 749 709 788 se
737 749 842 813 neque
871 750 945 792 cum
970 754 1135 819 quoquam

174 753 215 871 de
243 827 279 868 ea
303 827 341 870 re
368 809 623 882 collocuturum,
650 827 757 901 neque
785 809 955 870 coiturum.
995 812 1048 874 Sic
1078 815 1135 877 ille

174 887 388 949 consensionis
409 886 523 970 globus
543 886 637 947 huius
656 907 747 946 umus
767 887 963 951 dissensione
981 891 1135 955 disiectus

134 967 231 1030 best.
271 968 383 1052 Neque
409 967 511 1030 multo
535 975 611 1049 post
631 965 780 1048 superior
811 979 883 1028 esse
905 971 1014 1051 coepit
1034 972 1135 1034 Anto·

172 1045 253 1122 nius,
277 1046 321 1108 ita
341 1058 377 1106 nt
391 1049 511 1108 Brutus
527 1057 560 1108 et
576 1044 712 1123 Cassius,
727 1045 976 1126 provinciarum,
991 1071 1074 1133 quae
1095 1052 1135 1112 iis

172 1125 261 1185 necis
293 1145 386 1186 causa
422 1124 514 1187 datae
549 1135 640 1186 erant
668 1145 685 1184 a
719 1123 919 1200 consulibus,
954 1127 1134 1210 desperatis

133 1200 290 1278 brebus,
325 1204 357 1263 in
391 1204 535 1265 exsilium
566 1200 860 1284 proficiscerentur·
899 1206 1042 1284 Atticus,
1070 1211 1134 1290 ‘qui

172 1281 339 1364 pecuniam
359 1282 453 1342 simul
484 1303 556 1344 cum
588 1282 706 1343 ceteris
730 1283 882 1343 conferre
908 1287 1057 1348 noluerat
1074 1291 1135 1348 llo·

140 1413 143 1418 .
172 1361 257 1422 renti
277 1361 323 1420 illi
343 1361 446 1441 parti,
476 1361 601 1423 abiecto
622 1365 726 1422 Bruto
749 1361 901 1458 Italiaque
921 1365 1049 1426 cedenti
1069 1369 1135 1428 HS.

170 1451 299 1501 centum
321 1439 419 1498 millia
439 1439 564 1500 muneri
584 1440 677 1500 misit.
708 1441 823 1501 Eidem
844 1462 876 1502 nn
895 1443 998 1524 Epiro
1020 1445 1135 1507 absens

169 1529 314 1579 trecenta
337 1519 430 1578 iussit
449 1517 518 1578 dari
525 1539 534 1596 3
563 1537 669 1602 neque
694 1538 734 1582 eo
755 1521 853 1602 magis
901 1521 1002 1583 otenti
1026 1525 1136 1588 adula-

170 1609 223 1674 tus
245 1608 294 1656 est
314 1596 474 1674 Antonio,
496 1617 602 1682 neque
624 1597 811 1680 desperatos
832 1541 972 1682 reliquit.

209 1675 262 1734 lX.
294 1673 449 1736 Secutum
475 1689 524 1738 est
554 1675 675 1738 bellum
725 1687 829 1738 estum
857 1680 944 1772 apud
970 1681 1133 1744 Mutinam.

171 1755 205 1814 ln
242 1775 307 1838 quo
335 1755 361 1814 si
388 1767 510 1816 tantum
535 1777 608 1818 eum
636 1698 829 1838 prudentem
857 1757 978 1836 d1cam,
1012 1761 1135 1842 minus,

171 1853 267 1972 poam
292 1832 437 1912 debeam,
457 1835 657 1918 praedicem,
682 1856 781 1918 quum
800 1835 855 1896 ille
879 1838 987 1918 potius
1009 1834 1134 1903 di'vin'us

93 1979 98 1990 ,
188 1913 289 1976 uerit:
312 1914 340 1974 si
363 1913 468 1976 divina
492 1915 523 1996 b)
544 1913 732 2008 appellanda
756 1925 807 1976 est
828 1929 987 2008 perpetua
1007 1931 1136 1982 natura«
1224 1969 1234 1992 .

170 1991 209 2052 lis
230 1993 372 2068 bonitas,
395 2014 477 2076 quae
498 1995 591 2054 nullis
613 1992 735 2054 casibus
756 2014 862 2086 neque
884 2008 989 2078 agitur
1010 1994 1057 2076 ⁷),
1077 2021 1136 2061 ne·

131 2087 149 2128 s
171 2090 235 2154 que
255 2072 414 2132 minuitur.
439 2075 548 2135 Hostis
569 2071 725 2134 Antonius
743 2071 900 2133 iudicatus
917 2075 1005 2136 ltalia
1028 2095 1135 2139 cesse·

169 2161 236 2224 rat;
258 2171 331 2230 spes
346 2151 536 2213 restituendi
550 2153 637 2212 nulla
653 2162 730 2211 erat.
751 2153 823 2211 Non
836 2153 938 2212 solum
954 2153 1070 2216 inimici
1087 2154 1133 2236 θ),

169 2227 312 2310 quitum
333 2241 424 2289 erant
444 2231 656 2312 potentissimi
672 2240 704 2290 et
718 2229 859 2312 plurimi,
880 2232 1055 2311 sedetiam,
1078 2238 1135 2318 qui

170 2306 357 2366 adversariis
378 2310 444 2367 eius
466 2309 648 2384 sedabant,
673 2314 751 2370 etin
766 2329 804 2370 eo
822 2309 978 2372 laedendo
995 2313 1132 2398 aliquam

169 2396 397 2446 consecuturos
423 2382 453 2465 9)
481 2387 651 2467 sperabant
675 2388 981 2450 commendationem
1005 2390 1044 2470 ¹),
1065 2394 1131 2454 An·
1205 2433 1210 2442 ι

171 2461 440 2525 tonii'familiares
461 2465 726 2548 insequebantur,
748 2487 882 2529 uxorem
898 2469 1051 2531 Fulviam
1065 2489 1133 2532 om-

168 2542 260 2602 nibns
287 2541 384 2602 rebus
413 2545 553 2626 spoliare
581 2545 769 2628 cupiebant3
802 2545 924 2608 liberos
951 2549 1046 2609 etiam
1076 2571 1132 2612 ex·

127 2620 307 2714 istingere
334 2623 496 2703 parabant.
538 2625 682 2702 Atticus,
711 2645 809 2718 quum
834 2625 998 2688 Ciceronis
1022 2628 1132 2691 intima

94 2743 98 2747 -
167 2697 379 2762 familiaritate
403 2716 567 2781 uteretur,
589 2703 794 2764 amicissimus
819 2716 905 2766 esset
924 2708 1046 2786 Bruto,
1067 2730 1132 2772 non

168 2780 265 2842 modo
286 2779 362 2842 nihil
387 2781 424 2842 iis
445 2783 574 2843 indulsit
595 2783 635 2843 ad
656 2783 828 2843 Antonium
849 2783 1050 2862 violandum,
1072 2787 1131 2848 sed

168 2877 187 2917 o
215 2861 375 2922 contrario
407 2859 577 2922 familiares
609 2861 676 2922 eius
710 2881 748 2921 ex
778 2861 861 2924 urbe
887 2862 1132 2946 profugientes,

80 3013 81 3020 ἵ
167 2951 322 3021 quantum
373 2941 473 3018 otuit,
507 2941 604 3017 texit,
633 2941 747 3034 quibus
774 2941 872 3003 rebus
905 2941 1131 3024 indiguerunt,

127 3017 297 3088 sadiuvit
366 3039 481 3084 «vero
503 3019 677 3083 Volumnio
703 3038 742 3083 ea
770 3019 901 3100 tribuit,
929 3031 966 3082 ut
995 3023 1132 3104 pluras

133 3144 322 3164 ..ι-...μ

217 3216 246 3286 6)
264 3219 332 3286 vulg.
351 3218 500 3286 diminutio,
517 3223 570 3274 vid.
586 3224 630 3282 ed.
641 3222 719 3278 Heid.
735 3249 770 3266 ·-
788 3222 815 3293 7)
834 3222 936 3276 Giintb.
954 3225 989 3275 al.
1009 3236 1132 3290 augetur·

78 3321 86 3337 „
164 3294 187 3333 t.
213 3285 299 3334 Brem.
326 3295 353 3338 et
379 3289 473 3342 Tzsch.
499 3320 533 3330 -
560 3293 576 3342 8
616 3295 649 3344 al.
678 3295 737 3344 eius
756 3291 870 3352 ininu'ci,
895 3289 948 3342 vid.
973 3290 1076 3358 Dsehn
1099 3318 1131 3334 »-

164 3351 194 3420 9)
213 3354 247 3401 al.
266 3350 368 3406 addunt
385 3374 427 3418 ss,
445 3375 469 3406 v.
477 3357 577 3408 Daehn.
596 3369 622 3410 ct
638 3360 714 3410 Bard.
726 3387 759 3396 -
777 3357 801 3425 ι)
815 3357 932 3427 Guclpb.
951 3357 1030 3408 Voss.
1048 3359 1082 3408 Α.
1100 3359 1131 3410 C.

165 3417 390 3478 commoditatem.
422 3425 490 3474 Tin.
521 3426 778 3478 conmendacionem
799 3425 846 3478 vel
869 3423 1088 3500 commoditatem
1107 3444 1129 3490 ,s
1179 3493 1180 3498 ¹
1275 3455 1278 3460 ,

165 3486 227 3538 cod.
247 3482 301 3536 Gir.

1266 1917 1276 1960 l
