2564 3872
392 396 462 470 XV.
488 421 734 468 urautuonnas.
756 410 783 473 3.
804 417 835 482 4.
1055 411 1096 474 85

131 566 280 646 diligens,
299 575 337 626 ut
358 584 398 626 ne
418 565 646 648 iocorquidem
666 567 868 628 mentiretur.
909 567 998 628 Idem
1019 587 1093 629 eon·
1115 589 1135 630 a

130 645 250 719 tineus,
271 645 427 720 clemens,
448 645 635 728 patiensque
654 645 874 706 admirandum
896 647 927 706 in
948 648 1096 728 modum,

129 747 193 789 non
214 725 317 786 solum
337 725 468 804 populi,
489 725 546 784 sed
570 724 665 785 etiam
688 725 861 786 amicorum
883 725 991 786 ferens
1017 727 1096 786 iniu-

129 805 209 880 rias3
244 803 452 884 inprimisque
481 805 648 864 commissa
673 803 792 863 celans:
822 805 909 887 quod
934 806 1095 867 interdum

128 903 194 944 non
215 881 316 942 minus
340 882 490 962 prodest,
517 903 612 974 quam
636 883 756 942 diserte
781 884 907 959 dicore3
934 887 1094 952 studiosus

129 960 295 1022 audiendi:
327 980 366 1022 ex
391 959 454 1020 hoe
485 979 568 1020 emm
594 961 744 1022 facillime
770 960 849 1022 disci
870 964 1094 1026 arbitrabatur.

127 1041 240 1121 ltaque
271 1060 369 1120 quum
395 1039 428 1098 in
456 1037 611 1101 circulum
638 1041 796 1116 venisset,
823 1041 854 1100 iu
881 1061 948 1121 quo
977 1055 1031 1103 aut
1052 1043 1133 1106 ded

129 1139 167 1178 re
191 1117 297 1178 ublica
333 1119 565 1198 disputaretur,
600 1133 654 1180 aut
682 1120 723 1180 de
778 1119 957 1200 hilosophia
987 1138 1094 1186 sermo
1137 1125 1140 1132 ’

128 1140 321 1271 halleretur,
344 1218 515 1282 numquam
539 1199 613 1261 inde
633 1199 722 1282 prius
747 1141 909 1274 discessit,
937 1222 1032 1283 quam
1053 1203 1095 1264 ad

130 1279 228 1338 linem
243 1297 347 1336 sermo
363 1291 448 1338 esset
464 1275 627 1340 adductus.
657 1280 885 1360 Paupertatem
901 1281 981 1340 adeo
998 1281 1093 1342 l'aoile
1114 1288 1136 1351 la

130 1375 303 1436 perpessus
325 1368 392 1427 est)
413 1369 450 1418 ut
472 1357 512 1418 de
532 1359 699 1440 republica
719 1359 796 1418 nihil
812 1370 945 1438 praeter
960 1361 1097 1440 gloriam

131 1435 264 1514 ceperit.
305 1435 490 1498 Amicorum
510 1435 543 1496 in
563 1459 597 1498 se
618 1439 739 1499 tuendo
762 1437 863 1498 caruit
878 1437 1094 1514 facultatibus,

130 1515 196 1575 fide
218 1514 257 1574 ad
278 1515 354 1575 alios
375 1515 588 1585 sublevandos
605 1539 701 1598 saepe
722 1517 767 1577 sio
782 1538 857 1576 usus
877 1529 942 1592 est,
964 1529 1000 1578 ut
1020 1537 1095 1611 pos·

12 1611 43 1642 r
130 1592 172 1652 sit
192 1592 342 1670 iudicari,
370 1595 474 1656 omnia
495 1597 525 1654 ei
546 1616 619 1656 oum
641 1596 748 1659 amicis
776 1595 877 1656 fuisse
907 1615 1094 1659 communia.

128 1673 210 1734 Nam
236 1694 335 1755 quum
360 1685 415 1737 aut
444 1674 561 1744 civium
589 1697 721 1736 snorum
749 1675 789 1734 ali
815 1675 861 1734 uis
887 1675 926 1736 ab
948 1674 1092 1740 hostibus
1113 1675 1133 1738 5

129 1763 215 1821 esset
243 1763 370 1831 captus,
398 1765 453 1812 aut
479 1753 574 1830 virgo
603 1754 696 1813 amici
721 1697 835 1814 nubilis
858 1766 1096 1890 propterpau·

154 1842 290 1890 ertatem
314 1831 467 1896 collocari
492 1852 555 1890 non
577 1844 711 1910 posset,
728 1831 904 1892 amicorum
925 1831 1016 1892 conci

127 1851 286 1981 hahebat,
312 1919 358 1980 et,
388 1919 541 1989 quantum
563 1909 699 1991 quisquc
721 1907 828 1981 daret,
851 1929 912 1986 pro
937 1908 1096 1970 facultati·

128 1988 190 2046 bus
218 1986 404 2066 imperabat.
445 1988 591 2070 Eamque
629 2007 782 2047 summam
819 2007 919 2068 quum
954 1979 1137 2061 {coerano

127 2065 317 2147 priusquam
339 2065 502 2146 acciperet
520 2067 713 2146 pecuniam,
729 2065 906 2126 adducebat
930 2086 1019 2137 eum„
1040 2067 1097 2148 qui

129 2144 323 2227 quaerebat,
351 2143 391 2204 ad
414 2165 488 2220 eos,
519 2145 574 2228 qui
604 2143 829 2221 conferebant„
860 2145 954 2228 eique
980 2157 1016 2207 ut
1035 2145 1096 2226 ipsi

127 2235 351 2297 numerarent,
381 2224 537 2304 faciehat3
566 2238 602 2286 ut
621 2227 692 2299 ille,
714 2225 754 2285 ad
775 2245 870 2308 quem
890 2245 926 2286 ea
947 2245 1000 2286 res
1021 2245 1096 2306 per·
1123 2241 1125 2245 ⁴

128 2301 291 2373 veniebat,
316 2305 430 2376 sciret,
453 2317 605 2387 quantum
628 2306 743 2388 cuique
765 2303 911 2366 deberet.
1022 2361 1026 2368 .

250 2382 304 2442 IV.
326 2386 459 2444 Tentata
481 2398 586 2446 autern
609 2388 677 2448 eius
699 2397 747 2444 est
769 2385 956 2444 abstinentia
979 2405 996 2443 a
1016 2385 1097 2444 Dio·
1120 2407 1133 2444 ι

129 2461 298 2536 medonte,
327 2463 494 2540 Cyziceno
536 2469 681 2548 Namque
711 2465 736 2524 is
764 2475 881 2546 rogatu
908 2464 1096 2526 Artaxerxis

129 2539 383 2631 Epaminondam
417 2545 551 2620 pecunia
588 2565 719 2605 currum
745 2545 861 2603 endum
900 2553 1096 2624 susceperat.

129 2621 193 2678 Hic
214 2635 327 2698 magno
350 2635 421 2676 cum
442 2622 586 2697 pondere
609 2624 677 2682 auri
699 2565 825 2682 Thebas
848 2622 954 2696 venit,
985 2635 1025 2693 et,
1039 2622 1097 2681 Mi·

131 2695 260 2775 cythum
278 2695 550 2767 adolescentulum
566 2701 708 2784 quinque
722 2701 847 2762 talentis
862 2700 902 2758 ad
917 2721 1004 2758 suam
1023 2721 1097 2779 per·

131 2774 220 2836 duxit
256 2775 468 2848 voluntatem,
504 2799 599 2858 quem
635 2793 702 2848 tum
731 2777 964 2858 Epaminondas
997 2779 1097 2870 pluri-

131 2875 218 2914 mum
242 2852 404 2993 diligebat.
435 2855 590 2933 Micythus
610 2858 861 2938 Epaminondam
877 2868 1042 2932 convemt,
1064 2867 1097 2917 et

133 2953 259 2994 causam
278 2955 295 2994 a
319 2945 432 2994 ventus
449 2933 670 3000 Diomedontis
693 2937 841 2998 ostendit.
881 2936 925 2996 At
945 2935 999 2995 ille
1017 2935 1096 2996 Ilio-
1117 2952 1135 2994 a

132 3013 283 3072 medonte
300 3031 425 3090 coram,
442 3013 542 3087 Nihil,
559 3016 677 3098 inquit,
694 3036 774 3095 opus
786 3013 920 3094 pecunia
937 3026 994 3074 est.
1016 3016 1095 3073 Nam

133 3091 160 3150 si
181 3112 218 3151 ea
238 3111 296 3152 rex
321 3093 407 3168 vult,
438 3113 520 3174 quae
543 3095 701 3156 Thebanis
731 3093 792 3151 sint
818 3093 844 3170 ¹)
869 3091 1096 3226 utilia‚‘qratis

132 3170 243 3230 l'aoere
264 3193 334 3232 sum
355 3184 500 3252 paratus3
526 3173 573 3233 sin
595 3187 700 3234 autem
723 3171 898 3244 contraria,
918 3191 981 3231 non
1025 3169 1097 3229 abet

133 3250 203 3310 auri
231 3261 326 3332 atquc
362 3252 486 3334 argenti
518 3254 601 3316 satis.
642 3255 786 3334 Namque
818 3248 906 3311 orbis
937 3261 1098 3310 terrarum

135 3374 330 3392 m

189 3450 214 3518 ι)
235 3449 282 3500 Ax.
303 3457 367 3500 sunt
387 3445 474 3498 titiliu.
569 3506 574 3524 Ι

1030 1834 1096 1894 ium
