2564 3872
171 378 211 457 98
450 371 549 436 xvll.
569 366 760 436 sessiacus.
782 370 810 434 3.
832 379 859 444 4.

132 536 152 599 6
172 536 337 618 pugnatis,
363 554 475 618 magna
498 542 567 594 erat
584 531 708 614 praeda
728 531 860 612 potitus.
902 531 989 592 Laco
1008 543 1133 611 antem,

154 680 157 683 ,
168 639 271 700 quum
290 615 434 690 videret,
457 614 568 674 hostes
592 613 738 694 equitatu
758 630 934 690 superare,
960 632 1149 695 numquam,

171 699 203 756 in
225 715 338 776 campo
361 695 410 754 sui
434 693 514 754 fecit
541 702 751 773 potestatem,
776 701 809 750 et
832 690 881 750 his
906 691 986 752 loeis
1006 712 1133 754 manum

171 775 352 849 conseruit,
387 774 502 856 quibus
530 773 602 852 plus
633 772 803 852 pedestres
832 769 945 851 copiae
978 769 1133 834 valerent.

170 855 300 948 Papulit
320 874 356 914 er
379 875 415 928 o,
437 851 704 936 quotiescumque
725 869 917 930 congressus
938 861 1003 926 est,
1030 854 1148 913 multo.

170 954 308 996 maiores
328 875 585 996 adversariorum
606 931 732 1010 copias,
756 930 854 990 etsie
876 930 907 991 in
928 931 1003 991 Asia
1026 949 1134 992 versa-

171 1025 223 1073 tus
244 1025 310 1092 est,
330 1025 366 1073 ut
387 1012 526 1073 omnium
547 1009 697 1090 opinione
723 1010 826 1072 victor
846 1007 1031 1072 duceretur.
1068 1063 1071 1070 ,

251 1093 305 1156 lv.
330 1094 391 1152 Hic
412 1112 510 1184 quum
532 1090 594 1150 iam
619 1089 722 1155 animo
742 1089 952 1150 meditaretur
973 1087 1133 1170 proficisci

171 1171 204 1230 in
223 1173 356 1247 Persas,
378 1182 411 1230 et
431 1191 534 1250 ipsum
550 1188 661 1250 regem
683 1169 820 1242 atloriri,
842 1170 968 1228 nuntius
990 1171 1021 1230 ei
1035 1170 1132 1230 domo

172 1251 260 1311 venit
275 1273 292 1312 c
305 1252 431 1312 thorum
446 1251 542 1310 missu
558 1245 588 1326 8)
600 1293 609 1322 ,
623 1247 742 1308 bellum
756 1247 966 1309 Athenienses
979 1261 1012 1309 et
1026 1253 1134 1312 Boeo-

171 1331 234 1392 tios
255 1275 404 1392 indixisse
425 1327 701 1392 Lacedaemoniis:
725 1347 825 1411 quare
847 1329 1020 1389 venirene
1042 1330 1134 1389 dubi-

133 1429 150 1470 a
173 1422 266 1471 taret.
302 1413 336 1470 ln
361 1410 423 1468 hoo
445 1429 509 1468 non
528 1407 629 1468 minus
650 1408 719 1469 cius
739 1408 841 1488 pietas
857 1407 1057 1488 suspicienda
1072 1423 1133 1485 est,

172 1511 268 1573 quem
296 1491 399 1552 virtus
426 1487 564 1550 bellice:
620 1487 671 1562 ui,
697 1509 796 1570 quum
827 1487 941 1548 ‘victori
967 1501 1134 1569 praeesset

173 1569 346 1645 exercitui,
367 1567 597 1649 maximamque
640 1567 753 1628 aberet
777 1565 921 1629 liduciam
945 1570 1036 1649 regni
1055 1571 1144 1630 Per·.

173 1670 280 1710 sarum
310 1647 474 1730 potiundi,
503 1657 589 1708 tanta
620 1647 775 1708 modestia
806 1645 921 1740 [dicto]
947 1643 978 1726 9)
1004 1649 1133 1708 audiens

173 1728 235 1792 fuit
252 1729 343 1789 iussis
365 1727 539 1789 absentium
560 1727 818 1808 magistratuum,
838 1738 874 1785 ut
893 1746 920 1786 si
940 1727 1083 1806 privatus
1100 1729 1146 1796 in,

173 1809 303 1870 comitio
323 1820 407 1872 esset
427 1805 571 1888 Spartae.
613 1805 711 1866 Cuius
736 1826 826 1866 exem
851 1807 916 1866 lum
937 1807 1055 1868 utinam
1075 1808 1133 1866 im·

164 1901 340 1971 penatores
352 1888 452 1948 nostri
465 1886 557 1969 sequi
570 1885 762 1950 voluisseut!
786 1827 850 1947 Sed
865 1885 940 1946 illue
954 1887 1132 1948 redeamus.

132 1963 152 2026 3
173 1969 340 2062 Agesilaus
359 1965 597 2048 opulentissimo
618 1986 720 2046 regno
735 1965 921 2104 praeposuit
944 1965 1059 2028 bonam
1080 1988 1133 2028 ex-

171 2048 404 2122 istimationem,
427 2046 594 2126 multoque
616 2045 786 2126 gloriosius
829 2045 912 2120 uuit,
933 2047 960 2104 si
983 2046 1145 2108 institutis·

197 2129 295 2188 atriae
322 2127 496 2206 paruisset,
527 2124 669 2206 quamsi
696 2121 783 2188 bello
813 2137 996 2205 superasset
1017 2127 1138 2194 Asiam.¹

133 2214 154 2278 4
207 2227 243 2266 ac
266 2205 365 2288 igitur
385 2215 492 2264 mente
513 2204 758 2284 Hellespontum
777 2205 883 2285 copias
907 2205 1046 2281 traiecit,
1061 2217 1145 2272 tan-¹

173 2297 271 2367 taque
290 2305 366 2344 uaris
381 2295 431 2344 est
451 2283 634 2358 celeritate,
655 2295 708 2360 ut,
730 2285 818 2366 quod
835 2284 898 2346 itcr
912 2285 1035 2346 Xerxes
1051 2306 1132 2346 anno

172 2375 321 2426 vertente
353 2361 556 2439 confecerat,
585 2361 636 2424 hio
663 2365 823 2425 transierit
853 2363 981 2503 triginta
1009 2364 1133 2426 diebus.

133 2442 154 2504 5
207 2466 283 2506 uum
310 2443 372 2514 iam
394 2439 480 2502 haud
508 2442 551 2502 ita
578 2444 674 2526 longe
703 2443 828 2504 abesset
853 2464 871 2504 a

174 2543 194 2584 o
219 2525 332 2584 sistere
353 2519 384 2583 ei
407 2522 509 2583 conati
533 2535 606 2584 sunt
625 2522 835 2584 Athenienses
859 2535 892 2584 et
909 2523 1056 2602 Boeotii,
1081 2544 1133 2584 ce-

173 2604 301 2686 torique
324 2623 438 2664 eorum
461 2603 560 2678 socii,
588 2603 673 2697 apud
698 2602 894 2664 Coroneam:
919 2622 999 2688 quos
1023 2624 1133 2664 omnes

134 2680 154 2742 6
214 2683 265 2745 avi
283 2683 408 2764 proelio
431 2683 516 2744 vicit.
555 2685 660 2744 Hums
682 2680 904 2746 victoriae-vel
922 2683 1054 2744 maxima
1072 2684 1134 2744 fuit

185 2783 258 2838 eus,
285 2763 390 2846 quod,
417 2784 515 2845 quum
537 2762 685 2846 plerique
706 2780 746 2822 ex
766 2760 846 2845 suga
865 2785 900 2824 se
921 2763 952 2824 iu
977 2763 1134 2843 templum

172 2843 334 2906 Minervae
347 2840 566 2916 coniecissent,
581 2852 857 2926 quaerereturque
870 2844 910 2904 ab
926 2861 978 2918 eo,
992 2842 1070 2925 qnid
1083 2841 1133 2902 his

171 2922 243 2984 lieri
267 2922 382 2997 vellet,
406 2922 466 2982 etsi
487 2920 608 3004 aliquot
628 2923 759 2982 vulnera
780 2933 950 3003 acceperat
971 2941 1011 2982 eo
1036 2943 1134 3004 proe-

172 3003 234 3078 lio,
259 3013 291 3062 et
305 3002 402 3062 iratus
423 3000 593 3064 videbatur
615 2999 778 3078 omnibus,
819 3002 855 3068 ,ui
877 3003 1029 3064 adversus
1046 3023 1142 3070 arma,
1176 3063 1179 3077 ,

172 3083 326 3156 tulerant,
360 3091 464 3143 tamen
496 3081 645 3144 antetulit
674 3080 742 3141 irae
773 3025 980 3164 religionem,
1014 3092 1049 3141 et
1076 3100 1133 3142 eos

133 3163 277 3237 7vetuit
306 3161 427 3227 violari.
468 3157 583 3244 Neque
611 3179 692 3225 vero
718 3159 781 3224 hoc
810 3164 914 3224 solum
942 3160 973 3222 in
999 3160 1134 3222 Graecia

920 2444 1133 2524 eloponneso,

81 3313 89 3326 ¹
174 3317 375 3341 q--u—-u--t

221 3404 250 3473 8)
277 3408 313 3456 its
330 3404 380 3455 Ax.
398 3396 531 3477 ⁰¹¹?lph·’
548 3400 584 3452 al.
604 3404 693 3452 tusae
716 3411 739 3450 t.
757 3397 817 3452 Bos.
832 3429 868 3468 ⁴-
892 3403 922 3520 gp
942 3405 1019 3484 uncip
1038 3405 1132 3456 inclusi

175 3473 264 3539 dieto,
282 3471 357 3540 quod
375 3479 519 3535 genuinum
538 3483 592 3520 uon
610 3475 712 3537 putem.
733 3469 768 3518 cl.
787 3468 830 3520 ed.
850 3471 897 3522 llei
920 3507 926 3521 .
