2524 3872
442 357 524 420 Xffl.
544 377 741 423 succuum.
766 383 789 424 ι.
1033 425 1036 429 ,
1069 387 1103 444 7¹

141 511 300 582 mortem.¹
329 519 408 582 Nam
435 520 511 585 dum
531 519 654 601 primus
687 521 796 582 studet
819 531 950 602 portum
971 520 1109 596 intrare,

143 600 460 684 gubernatoremque
481 599 571 659 iubet
592 619 632 660 eo
653 601 796 683 dirigere
816 621 947 676 navem,
967 599 1027 680 ipsi
1048 600 1108 662 sibi

140 677 297 761 perniciei
328 677 401 742 fuit.
443 680 551 772 Quum
574 679 658 738 enim
678 700 719 740 eo
744 689 960 773 penetrasset,
981 692 1108 740 ceterae

141 781 207 820 non
233 769 306 818 sunt
335 772 472 821 secutae.
512 757 587 852 Quo
615 755 700 819 facto
730 757 940 819 circumfusus
968 757 1108 819 hostium

143 857 302 912 concursu
330 859 429 920 quum
460 835 634 901 forussime
661 849 837 918 pugnaret,
864 837 969 913 navis,
1000 849 1107 898 rostro

140 932 312 999 pereussa,
333 920 442 1002 coepit
456 919 572 978 sidere.
600 915 683 976 Hine
699 913 851 994 refugere
867 937 966 998 quum
987 927 1108 997 posset,

140 998 169 1056 si
190 995 278 1056 sein
297 1015 385 1056 mare
408 998 594 1070 deiecisset,
618 993 707 1076 quod
728 994 859 1054 suberat
881 995 987 1054 classis
1010 995 1109 1056 Athe·

141 1073 315 1150 niensium,
336 1097 422 1160 quae
441 1077 607 1154 exciperet
627 1085 769 1134 natantes
787 1071 833 1152 3):
857 1072 965 1153 perire
983 1075 1108 1149 maluit,

142 1175 239 1236 quam
258 1156 353 1216 armis
373 1157 504 1218 abiectis
522 1173 634 1214 navem
650 1153 853 1236 relinquere,
875 1151 906 1212 in
925 1173 987 1233 qua
1003 1153 1109 1213 {heret

141 1246 265 1293 veetus.
305 1235 341 1294 Id
369 1237 470 1297 ceteri
497 1234 606 1295 facere
633 1233 822 1306 noluerunt,
853 1232 909 1313 qui
940 1233 1042 1292 nando
1076 1233 1108 1291 in

141 1324 248 1372 tutum
284 1327 513 1393 pervenerunt.
562 1311 606 1371 At
636 1311 708 1386 ilie,
741 1323 906 1394 praestare
943 1309 1116 1370 honestam

141 1402 280 1452 mortem
311 1394 489 1454 existimans
516 1390 604 1470 turpi
629 1391 735 1468 vitae,
767 1390 941 1453 comminus
964 1411 1107 1470 pugnans

141 1471 214 1532 telis
235 1469 374 1533 hostium
395 1473 584 1536 interfectus
606 1482 665 1530 est.
1066 1475 1068 1489 '

582 1781 662 1838 xm.

443 1875 805 1970 niuorflnus

597 2037 673 2054 Q

497 2136 756 2188 ARGUMENTUM.

211 2267 276 2334 Cap.
297 2268 317 2318 1.
352 2271 487 2324 Timothei
516 2276 627 2324 virtutes
657 2281 683 2324 et
707 2273 776 2323 iacta
796 2268 964 2322 buttenh-
989 2274 1023 2324 ΙΙ.
1052 2275 1107 2344 ipsi

142 2335 419 2390 Lacedaemoniorum
439 2343 534 2394 victori
555 2351 642 2393 statua
660 2341 772 2408 ponitur
796 2336 859 2405 (374
878 2357 900 2389 a.
920 2342 984 2392 Chr.
1003 2343 1052 2408 m).
1075 2371 1108 2383 -

141 2403 188 2451 111.
215 2403 302 2454 Senex
319 2407 477 2460 Menestheo
503 2412 527 2460 in
548 2409 691 2462 consilium
709 2406 789 2456 datur
808 2404 870 2472 (357
890 2425 914 2458 a.
932 2409 996 2458 Chr.
1019 2410 1073 2476 n),
1092 2428 1109 2462 a

139 2469 269 2532 Charete,
287 2483 428 2537 praetore,
458 2487 597 2528 accusatus
625 2475 776 2526 damnatur.
802 2502 836 2514 -
867 2477 913 2526 1v.
940 2478 1022 2526 Filius
1051 2480 1108 2527 cius

142 2535 241 2586 Conon
266 2553 356 2590 muros
375 2542 487 2592 reficere
513 2547 626 2609 cogitur.
661 2542 808 2607 Singularis
830 2543 962 2596 amicitiae
985 2546 1107 2596 testimo·

142 2605 216 2652 nium
235 2603 338 2655 Iasoms
359 2623 420 2672 erga
439 2609 620 2661 Timotheum.
1091 2603 1094 2622 ¹

183 2807 188 2818 ,
223 2749 246 2806 Ι.
277 2751 489 2830 Tritannum,
512 2755 649 2816 Cononis
671 2753 771 2832 filius,
792 2753 1003 2817 Atheniensis.
1046 2759 1108 2820 Hie
1134 2785 1145 2822 ι

143 2851 160 2887 a
191 2839 284 2922 patre
318 2843 481 2912 acceptam
509 2833 643 2914 gloriam
676 2835 782 2895 multis
815 2835 901 2895 auxit
931 2835 1108 2898 virtutibus.

142 2909 218 2968 Fun
239 2909 322 2968 enim
344 2911 499 2989 disertuS,
524 2913 676 2995 impiger,
701 2913 897 2992 laboriosus,
918 2915 967 2975 rei
991 2916 1104 2995 milita·

143 2987 187 3046 ris
207 2988 347 3067 peritus,
376 3010 480 3074 neque
508 2993 609 3051 minus
638 2993 772 3055 civitatis
795 2994 965 3074 regendae.
1006 2997 1148 3058 Multas

143 3066 237 3126 huius
265 3080 336 3128 sunt
387 3070 654 3147 raeclare'factn,
682 3073 739 3132 sed
769 3070 849 3131 haee
879 3075 1012 3134 maxime
1040 3075 1109 3135 illn-

125 3146 231 3206 ¹stria.
266 3090 440 3227 Olynthios
462 3161 493 3210 et
513 3151 683 3230 Byzantios
704 3149 791 3211 bello
814 3149 948 3234 subegit.
982 3153 1109 3215 Samiun

212 3348 239 3414 3)
269 3349 352 3414 codri.
381 3350 498 3420 Guelph.
526 3351 603 3402 Leid.
628 3353 656 3402 Β.
683 3355 726 3402 al..
748 3353 886 3404 ttulitrtteis
910 3357 949 3406 tel
969 3355 1106 3407 intrantis:

147 3417 178 3462 ni.
198 3427 345 3467 irritantem.
