2524 3872
418 445 471 512 IV.
491 457 680 522 Pausanias.
700 424 730 509 a,
749 449 778 513 3⁴
1037 455 1077 518 36

119 618 155 670 ut
170 627 210 669 ex
222 607 271 671 his
281 607 474 690 regionibus
491 604 700 670 barbarorum
715 609 872 692 praesidia
888 611 1082 693 depelleret·

119 688 196 748 Pari
215 687 370 748 felicitate
398 688 430 747 in
455 708 492 748 ea
514 710 551 749 re
574 710 649 749 usus
671 691 783 750 elatius
806 709 841 750 se
865 703 981 772 gerere
1004 711 1115 757 coe-2

117 767 183 848 pit,
205 767 405 849 maioresque
427 779 580 848 appetere
595 787 657 826 res.
693 769 772 828 Nam
788 790 902 851 quum,
923 771 1077 850 Byzantio

113 857 320 926 expugnato,
357 845 494 925 cepisset
524 847 706 927 complures
738 849 909 909 Persarum
935 850 1078 927 nobiles,

117 935 215 1006 atque
233 924 271 983 'in
293 924 343 983 his
366 924 535 995 nonnullos
558 925 644 1006 regis
667 925 783 1006 propin
806 949 883 1002 uos,
908 927 968 988 hos
996 929 1077 990 elam

32 1052 34 1054 .
116 1003 219 1062 Xerxi
230 1003 366 1077 remisit,
383 1003 540 1080 simulans,
557 1024 596 1064 ex
610 1004 743 1077 vinculis
758 1026 802 1085 pu
826 1006 894 1065 licis
907 1007 1077 1088 effugisse3

118 1092 154 1140 et
174 1101 246 1140 cum
266 1080 314 1140 his
336 1082 430 1174 Gong
451 1081 517 1141 lum
537 1083 774 1159 Eretrienscm,
803 1085 857 1166 qui
874 1085 985 1145 literas
1007 1087 1078 1168 regi

117 1158 289 1236 redderet,
318 1160 350 1219 in
372 1100 486 1243 qurius
507 1161 587 1222 haee
608 1161 708 1221 fuisse
732 1163 851 1243 scripta
872 1163 1079 1244 Thucydides

117 1239 294 1298 memoriae
324 1239 484 1320 prodiditt
508 1240 695 1316 Pausanias,
727 1241 791 1301 (lux
816 1242 966 1323 Spartae,
996 1247 1116 1326 quous

117 1317 265 1395 Byzantii
286 1331 433 1398 ceperat,
456 1329 625 1404 postquam
645 1320 844 1403 propinquos
864 1333 938 1382 tuos
959 1341 1079 1402 coguo-

117 1395 183 1472 vit,
213 1395 273 1455 tihi
296 1397 428 1457 muneri
445 1399 545 1472 misit,
570 1418 669 1480 seque
693 1410 800 1460 tecum
825 1399 979 1460 affinitate
1004 1417 1079 1462 con·

117 1473 207 1556 iungi
222 1476 325 1556 cupit:
348 1497 447 1558 quare
457 1521 465 1552 ,
477 1477 512 1541 si
526 1477 585 1536 tibi
600 1477 744 1554 videtur,
766 1478 823 1538 des
838 1479 869 1538 ei
884 1477 978 1538 liliam
992 1491 1079 1540 tuam

1 1558 2 1570 ¹
50 1613 52 1618 ,
117 1566 262 1644 nuptum.
303 1554 339 1614 ld
358 1556 385 1614 si
404 1555 539 1632 feceris,
561 1568 594 1616 et
614 1555 760 1636 Spartam
775 1568 808 1616 et
821 1570 962 1618 ceteram
979 1559 1119 1634 Graes

119 1651 201 1692 cram
217 1631 276 1692 sub
294 1644 380 1692 tuam
394 1645 604 1714 potestatem,
625 1655 659 1694 se
676 1636 859 1712 adiuvante,
880 1648 913 1698 te
932 1637 1079 1698 redactu⁴

117 1731 190 1770 rum
206 1709 236 1790 4)
283 1713 442 1772 ollieetur.
467 1713 525 1773 His
548 1713 698 1774 derebus
714 1715 830 1797 siquid
846 1717 915 1796 geri
926 1717 1079 1792 volueris,

119 1801 246 1849 eertum
258 1731 426 1851 {ominem
443 1793 487 1852 ad
509 1813 581 1852 eum
602 1795 706 1852 mittas
727 1793 815 1868 face,
838 1812 909 1852 cum
928 1811 992 1886 quo
1014 1792 1080 1856 col·

117 1868 281 1950 loquatur.
321 1871 410 1944 Rex,
428 1881 478 1930 tot
493 1870 656 1929 homiuum
674 1872 791 1944 salute,
814 1883 878 1929 tam
893 1871 952 1930 sibi
970 1893 1080 1932 neccs-
1099 1877 1119 1936 ὅ

117 1947 294 2021 sariorum,
308 1968 357 2006 ma
380 1967 502 2027 nopere
517 1948 658 2029 gavisus,
674 1947 842 2007 confestim
856 1951 1080 2086 oumlepistola

118 2023 316 2085 Artabazum
332 2047 348 2084 a
386 2025 572 2085 Pausaniam
585 2026 689 2099 mittit,
704 2026 736 2084 in
750 2045 896 2108 quaeum
910 2029 960 2086 col
975 2028 1080 2110 audet,

119 2121 159 2163 ac
178 2102 278 2239 petit,
303 2123 344 2162 ne
366 2104 418 2162 cui
438 2105 488 2164 rei
510 2117 621 2184 parcat
642 2105 682 2164 ad
707 2125 750 2196 sa·
765 2105 978 2184 perficienda,
998 2125 1079 2190 quac

118 2182 293 2262 poliuetur
309 2183 351 2261 5).·
371 2183 404 2241 Si
419 2181 553 2260 fecerit,
573 2184 688 2243 nullius
703 2203 751 2242 rer
770 2203 787 2242 a
804 2203 838 2244 se
856 2187 1016 2266 repulsam
1036 2188 1080 2247 la*

119 2273 238 2320 turum.
280 2261 382 2322 Huius
402 2263 571 2322 Pausanias
595 2263 758 2324 voluntate
779 2263 921 2344 cognita,
943 2263 1080 2326 alacrior
1100 2266 1119 2328 6

119 2339 160 2398 ad
174 2359 245 2398 rem
259 2342 431 2434 gerendam
445 2340 567 2417 factus,
580 2341 610 2400 in
625 2341 835 2420 suspicionem
850 2343 967 2402 cecidit
981 2347 1080 2404 Laee-

119 2417 370 2480 daemonrorum.
406 2422 441 2480 In
479 2441 520 2480 uo
534 2420 621 2479 facto
638 2421 767 2480 domum
780 2433 966 2497 revocatus,
988 2438 1080 2484 accus

120 2509 207 2556 satus
241 2498 370 2576 capitis,
395 2441 570 2560 abstiivitur
576 2519 586 2576 3
614 2501 766 2558 multatur
790 2511 896 2558 tamen
924 2501 1079 2579 pecuniat

123 2596 219 2656 quam
240 2575 282 2635 ob
305 2594 429 2636 causam
450 2578 490 2636 ad
511 2578 642 2637 classem
662 2577 812 2638 remissus
835 2597 899 2636 non
920 2590 978 2637 est.

202 2655 253 2712 ΙΙΙ.
274 2655 319 2712 At
338 2655 392 2714 ille
413 2666 488 2734 post
510 2675 574 2715 non
590 2657 691 2717 multo
714 2672 803 2715 suas
829 2659 904 2714 onte
929 2655 969 2714 ad
990 2673 1081 2718 exer·
1103 2677 1116 2712 ι

123 2732 222 2792 citum
237 2733 352 2808 rediit,
373 2745 406 2792 et
426 2733 471 2792 ibi
490 2741 555 2792 non
576 2735 704 2811 callida,
724 2734 781 2794 sed
818 2733 936 2792 ementi
957 2737 1081 2796 ratione

122 2812 261 2871 coritae
283 2811 444 2890 patefecit.
486 2814 558 2870 Non
582 2809 663 2871 enim
687 2831 793 2874 mores
817 2811 940 2892 patrios
960 2814 1081 2890 solum,

122 2855 184 2950 sesi
205 2890 299 2949 etiam
333 2890 453 2950 cultum
486 2889 704 2974 vestitumque
732 2891 874 2949 mutavit.
916 2892 1119 2983 Apparatus

76 3031 78 3036 ,
121 2967 214 3048 regio
235 2966 410 3044 utebatur,¹
424 2979 515 3029 veste
535 2969 657 3028 Medica
664 2990 674 3046 3
695 2968 846 3028 satellites
866 2969 952 3028 Medi
972 2979 1005 3030 et
1018 2971 1081 3032 Ac⁴

123 3047 223 3128 gyptii
240 3047 474 3128 sequebantur3
496 3046 684 3126 epulabatur
698 3067 788 3106 more
803 3048 975 3106 Persarum
990 3050 1081 3109 luxu·

121 3125 254 3202 riosius,
277 3146 388 3206 quam,
410 3126 465 3208 qui
481 3125 630 3203 aderant,
648 3126 775 3206 perpeti
794 3137 924 3206 possent
931 3147 941 3204 ;
961 3127 1080 3188 aditum
1100 3125 1119 3191 3

120 3259 321 3276 -ιι--ι-ο

175 3319 203 3392 4)
231 3325 295 3378 alii:
316 3344 357 3388 se,
386 3323 535 3378 adiuvante
552 3337 593 3387 te,
619 3317 809 3390 reducturum,
836 3320 871 3383 cl.
891 3319 934 3380 edi
953 3323 1029 3380 lleid.
1047 3351 1080 3370 -ι

124 3393 235 3510 plurimi
248 3392 339 3443 codd<
349 3396 476 3474 omittunt
494 3407 538 3472 τι..
552 3420 586 3432 ·-
609 3393 635 3462 5)
655 3393 699 3444 ed.
713 3397 781 3448 Ultr.
800 3413 873 3514 pisae
893 3397 1079 3488 polliceretur·

150 3462 213 3512 rekl.
233 3459 327 3512 tinch.
346 3460 447 3512 Guuth.
466 3462 634 3528 polliceatur
651 3471 746 3514 eontra
764 3481 797 3515 eo
818 3464 843 3516 d.
862 3463 951 3514 iidemu

840 3551 899 3614 ³*
