2564 3872
415 371 513 434 xxn.
535 389 718 436 hamaran·
742 395 767 436 ι.
788 390 816 436 s.
1040 379 1096 440 123

136 533 197 610 sit,
215 531 448 616 aequassem
465 531 603 596 nocendi
613 529 728 610 dedit,
748 550 911 614 saepeque
932 551 953 592 e
969 545 1096 594 cauea·

50 672 54 680 ,
138 613 190 674 ric
219 611 386 674 occasione
404 613 485 672 data
513 610 691 686 lacessivit,
722 630 914 692 semperque
947 613 1096 692 superior

79 745 83 749 ,
138 689 294 750 discessit.
336 690 412 776 Quo
432 689 536 766 facto,
582 709 657 748 uum
684 708 785 768 paene
810 689 914 748 emnia
938 689 970 748 in
990 691 1097 750 Sicilia

138 767 242 829 Poeni
261 768 453 840 amisissent,
481 768 536 830 ille
580 769 697 842 'rycem
720 766 765 824 sie
786 766 948 845 defendit,
972 779 1008 829 ut
1029 769 1097 829 bel-

133 846 207 908 lum
228 865 268 906 eo
289 845 365 906 loco
386 856 512 926 gestum
531 865 595 907 nen
615 843 790 904 videretur.
817 845 945 906 Interim
967 846 1136 909 Cartha-3

132 923 316 1004 ginienses,
339 923 440 984 classe
464 925 547 1006 apud
567 923 682 982 insulas
703 923 843 1000 Aegates
864 943 881 980 a
903 927 938 985 C.
959 927 1098 1002 Lutatio,

140 1001 271 1063 consule
285 1003 521 1077 Romanorum,
542 1001 696 1092 superati,
715 1011 891 1059 statuerunt
911 1001 990 1062 belli
1003 1002 1097 1064 linem

131 1079 265 1154 faeere,
286 1098 419 1162 eamque
440 1099 509 1138 rem
524 1077 655 1141 arbitrio
669 1077 884 1160 permiserunt
899 1081 1097 1145 Hamilcaris.

135 1159 215 1232 llle,
245 1158 303 1220 etsi
333 1156 492 1237 flagrabat
520 1157 658 1218 bellandi
683 1156 872 1236 cupiditate,
898 1171 1004 1218 tamen
1025 1161 1098 1239 paci

133 1235 343 1298 serviendum
362 1235 502 1314 putavit,
524 1235 612 1318 qued
631 1235 767 1314 patriam
788 1235 970 1297 exhaustam
990 1239 1099 1298 sumti-

138 1314 200 1377 bus
223 1315 339 1376 diutius
359 1314 550 1374 calamitates
571 1315 649 1374 belli
671 1315 761 1374 ferre
782 1335 845 1373 non
866 1335 960 1394 posse
981 1315 1097 1376 intelli-

135 1393 251 1474 gebat:
277 1392 416 1468 sedita,
438 1393 597 1456 utstatim
613 1403 718 1454 mente
743 1391 891 1472 agitaret,
914 1393 939 1453 si
955 1395 1097 1472 paullum
1118 1403 1138 1466 4

131 1471 236 1533 ‚modo
261 1491 314 1532 res
340 1483 445 1531 essent
467 1471 627 1548 refectae,
654 1471 774 1530 bellum
796 1490 955 1532 renovare
982 1473 1099 1530 Roma·

122 1557 262 1631 'nosque
296 1549 391 1610 armis
418 1550 590 1629 persequi,
621 1549 770 1610 donicum
799 1546 830 1626 6)
864 1562 918 1609 aut
948 1561 1037 1610 certe
1065 1547 1096 1627 7)

138 1627 304 1702 vicissent,
335 1639 390 1690 aut
419 1627 497 1690 victi
520 1647 629 1688 manus
653 1627 824 1688 dedissent.
864 1631 937 1688 Hoc
961 1628 1136 1690 censili05

138 1724 251 1784 pacem
264 1704 459 1778 conciliavit,
481 1705 514 1764 in
534 1723 598 1784 quo
614 1699 644 1781 ⁸)
665 1716 752 1762 tanta
766 1704 829 1764 l'uit
844 1704 982 1777 ferocia,
999 1727 1097 1786 quum

120 1783 269 1845 -Catulus
290 1801 330 1843 ne
355 1793 425 1847 aret
444 1781 564 1844 bellum
586 1781 851 1862 compositurum,
872 1781 932 1839 nisi
951 1783 1004 1840 ille
1027 1804 1099 1842 cum

139 1861 222 1933 suis,
250 1859 306 1943 qui
330 1803 469 1937 brycem
492 1869 683 1932 tenuerunt,
712 1858 805 1916 armis
829 1859 967 1932 relictis,
991 1858 1097 1919 Sicilia

137 1937 350 2009 decederent,
374 1948 427 2008 ut,
450 1935 676 1998 succumbente
690 1936 809 2014 patria,
828 1935 897 2013 ipse
918 1935 1097 2013 periturum
1118 1937 1138 1997 6
1234 1926 1237 1930 i

113 2035 174 2077 ,se
196 2015 303 2106 potius
325 2013 458 2086 dixerit,
482 2033 577 2094 quam
600 2031 672 2072 cum
698 2023 785 2072 tanto
815 2012 939 2093 flagitio
968 2013 1098 2072 demum

139 2092 271 2155 redrret.
311 2093 383 2152 Non
404 2091 486 2151 enim
507 2111 583 2151 suae
599 2110 669 2151 esse
685 2090 828 2166 virtutis,
850 2109 973 2150 armas
993 2095 1095 2170 patria

138 2181 268 2260 accepta
284 2169 445 2263 'adversus
468 2169 577 2230 hostes
601 2168 789 2230 adversariis
814 2168 953 2230 tradere.
994 2169 1097 2229 Huius
1128 2201 1138 2210 -

29 2308 32 2313 .
69 2307 72 2318 λ
138 2247 447 2330 pertinaces-cessit
470 2247 609 2308 Catulus.

216 2316 266 2388 ΙΙ.Χ
281 2326 326 2388 At
344 2326 418 2402 ille,
439 2337 475 2386 ut
497 2324 719 2406 Carthaginem
739 2325 844 2400 venit,
864 2327 965 2387 multe
985 2326 1094 2404 aliter,
1121 2353 1132 2388 ι

32 2395 36 2401 ’
136 2423 174 2466 ae
203 2403 368 2487 sperabat,
404 2404 632 2484 rempublicam
662 2423 696 2463 se
733 2401 903 2464 habentem
936 2406 1096 2486 cognorit.

136 2483 280 2561 Namque
313 2482 518 2544 diuturnitate
555 2481 677 2542 externi
712 2481 785 2540 mali
820 2493 941 2542 tantum
977 2483 1095 2542 exarsit

137 2559 321 2622 intestinum
341 2558 479 2631 bellum,
501 2570 537 2616 ut
557 2577 729 2638 numquam
747 2559 817 2636 pari
833 2561 976 2637 periculo
997 2560 1096 2619 suerit

139 2635 318 2716 Carthago,
337 2634 397 2693 nisi
419 2655 517 2714 quum
536 2634 642 2692 deleta
662 2645 718 2692 est.
779 2635 887 2693 Primo
907 2637 1095 2697 mercenarii
1117 2657 1134 2697 a

131 2713 264 2788 milites,
287 2711 343 2792 qui
362 2710 515 2772 adversus
531 2713 689 2770 Romanos
710 2709 855 2786 fuerant,
875 2712 1095 2775 desciverunt:

139 2811 277 2926 (puerum
299 2808 450 2851 numerus
470 2799 539 2848 erat
556 2787 667 2866 viginti
687 2788 829 2850 millium.
859 2790 902 2847 Hi
922 2799 1021 2848 tetam
1042 2792 1095 2850 ab·

139 2889 157 2930 a

24 2896 26 2906 ν
131 2907 133 2912 ,
170 2868 315 2931 ienarunt
334 2865 488 2941 Africam,
509 2867 608 2944 ipsam
623 2864 843 2945 Carthaginem
864 2881 1094 2958 eppugnarunt.

139 2945 266 3032 Quibus
290 2945 378 3004 malis
408 2944 489 3004 adeo
511 2954 583 3002 sunt
607 2943 709 3004 Poeni
732 2956 914 3022 perterriti,
940 2955 976 3002 ut
999 2947 1134 3010 etiam3

140 3023 253 3091 auxilia
273 3043 291 3084 a
311 3022 461 3087 Romanis
474 3021 661 3102 petiverint,
683 3041 785 3108 eaque
798 3021 1005 3107 impetrarint.
1030 3022 1095 3084 Sed

141 3153 333 3169 ——a-——q

189 3215 217 3284 6)
243 3217 284 3269 Ita
302 3215 382 3268 codd.
401 3215 519 3286 Guclph.
541 3215 595 3264 Gis.
613 3215 704 3267 lloecl.
722 3186 755 3266 al.
772 3241 806 3252 -·
827 3213 874 3264 Ax.
894 3217 926 3264 al.
948 3213 1042 3265 donec.
1061 3245 1095 3257 -

47 3317 50 3319 -
141 3285 168 3353 7)
188 3283 269 3334 cedd.
284 3293 371 3346 certe,
387 3283 480 3331 Lamb.
500 3281 586 3332 edidit
597 3283 702 3330 virtute
710 3316 718 3340 ,
732 3279 833 3332 Keircb.
848 3284 881 3332 vi
891 3293 978 3342 certe,
992 3285 1094 3334 Dachn.

140 3351 212 3401 ceni.
234 3359 341 3417 aprerte,
360 3350 394 3399 al.
414 3351 502 3402 aliter,
521 3377 554 3388 -
577 3347 604 3414 8)
625 3349 661 3398 ita
685 3348 727 3399 cd.
750 3350 818 3398 Ultr.
837 3349 871 3398 al.
891 3377 924 3388 -
946 3349 1026 3400 codd.
1046 3351 1094 3400 ha·
1132 3386 1134 3390 s

139 3416 203 3470 bent
221 3417 251 3466 in
271 3433 334 3485 qna.
353 3417 389 3470 ef.
407 3415 449 3466 ed.
467 3416 543 3468 lleid.
