2524 3872
406 434 564 478 connum
587 435 727 479 suroris
749 431 836 477 vrrs.
1091 417 1126 480 13

126 579 240 640 eleros.
270 575 370 661 Quod
385 587 606 658 argumentum
622 573 723 668 signat
737 577 774 638 B.
789 575 1021 656 Hieronymus,
1035 597 1128 658 prse-

123 658 245 719 fatione
259 658 300 717 de
314 655 526 738 scriptoribus
542 657 782 732 ecclesiasticis,
796 655 851 716 uhi
864 659 1022 736 Nepotem
1040 661 1125 718 inter

125 757 182 798 eos
196 736 318 813 refert,⁴
335 757 473 819 quorum
487 736 635 815 exemplo
650 747 779 796 acturus
795 736 835 796 sit
852 735 893 796 de
907 739 961 811 iis,
982 735 1036 819 qui
1051 738 1128 796 scri·

123 816 230 877 hendo
242 818 436 877 claruerunt.
450 815 527 895 Egit
540 828 646 873 autem
653 817 773 894 Nepos,
786 827 853 874 tum
868 815 908 876 de
918 815 1048 876 Graecis
1057 837 1129 876 auc·

123 896 265 970 toribus,
282 907 351 955 tum
364 895 405 953 de
420 894 547 953 Latinis.
574 895 626 954 Dc
639 893 786 970 Graecis,
802 895 919 976 colligo
936 894 1025 971 inde,
1061 895 1128 954 uod
1176 937 1189 951 a

123 977 156 1036 in
169 975 282 1036 Dionis
298 974 363 1034 vita
376 972 459 1032 dicat
475 973 590 1032 librum
611 992 646 1032 se
663 972 780 1034 iecisse
796 974 837 1032 de
854 975 1015 1034 illustribus
1035 917 1129 1036 disto·

63 1107 67 1122 ,
124 1062 207 1122 riuis,
222 1054 255 1112 in
269 1073 334 1135 quo
349 1051 434 1111 inter
454 1052 512 1112 alia
527 1053 673 1112 tractarit
688 1052 728 1110 de
740 1053 875 1112 Philisto
892 1052 1055 1115 historico.
1075 1055 1128 1114 lle

127 1133 246 1194 Latinis
263 1142 450 1213 argumento
463 1144 536 1192 sunt
549 1132 695 1212 plurima.
720 1133 799 1192 Nam
812 1131 849 1190 de
863 1134 1000 1192 Terentio
1015 1133 1129 1213 egisse,

126 1233 167 1274 ex
188 1211 342 1273 Suetonio
367 1213 483 1271 scimus
502 1211 534 1272 in
557 1212 687 1270 Terentii
707 1211 788 1287 rita,
809 1213 937 1272 Donato
959 1231 1132 1293 perperam

126 1292 253 1353 tributa.
282 1291 334 1352 Ad
347 1289 427 1351 haec
444 1291 583 1371 primum
605 1289 646 1350 de
660 1290 725 1351 vita
745 1291 907 1351 Ciceronis
923 1290 1041 1350 librum
1056 1290 1131 1351 Gel-

126 1372 187 1432 lius
206 1371 300 1447 citet‚
321 1369 376 1430 lib.
389 1370 461 1446 XV,
484 1369 617 1452 capud.
648 1371 763 1453 quue
787 1389 827 1430 ex
850 1389 950 1450 opere
971 1369 1132 1451 fragmen·

125 1461 194 1511 tum
207 1451 421 1530 Hieronymus
439 1449 554 1525 affert,
580 1451 716 1530 epistola
735 1448 1041 1510 ad¹Pammachium.
1071 1449 1131 1508 lm·

126 1549 179 1590 mo
208 1529 380 1591 verisimile
406 1540 471 1604 est,
499 1529 574 1590 inde
600 1549 671 1590 esse
693 1541 762 1590 sum
784 1529 879 1590 vitam
903 1531 940 1588 Τ.
960 1529 1130 1607 Pomponii

126 1609 244 1685 Attici,
265 1628 348 1701 quae
365 1619 485 1684 exstat,
500 1621 569 1669 tum
583 1608 680 1670 vitem
697 1608 842 1683 Catonis,
859 1629 953 1691 quam
967 1607 1035 1668 istis
1047 1608 1132 1668 clau·

127 1688 174 1749 dit
194 1687 316 1750 verbis:
339 1687 463 1764 „Huius
480 1689 520 1748 de
546 1688 609 1749 vita
625 1699 658 1749 et
674 1686 816 1748 moribus
831 1689 925 1768 plura
944 1687 976 1747 in
991 1705 1031 1746 eo
1049 1685 1131 1748 lihro

125 1767 291 1849 persecuti
303 1787 431 1842 sumus,
451 1787 548 1859 quem
562 1767 733 1846 separatim
753 1766 794 1826 de
811 1787 851 1828 eo
867 1764 1003 1826 fecimus
1015 1777 1133 1903 ropatu

126 1851 164 1907 T.
177 1845 347 1924 Pomponii
370 1846 478 1905 Attici.
519 1845 629 1926 Quare
656 1845 816 1906 studiosos
839 1844 967 1906 Catonis
990 1844 1030 1904 ad
1053 1845 1133 1909 ilud
1202 1911 1203 1916 η

27 1934 45 1954 ·’
128 1927 282 1988 volumen
297 1923 513 2004 delegamus.“
543 1924 666 2002 Aperte
689 1923 825 1999 indicat,
850 1941 891 1982 eo
912 1941 995 1982 nunc
1015 1922 1055 1982 de
1076 1927 1134 1990 Ca,-

127 2017 203 2065 tone
218 2001 350 2064 brevius
365 2021 400 2061 se
415 2023 433 2060 a
456 2019 522 2076 ere,
537 2003 612 2082 quia
626 2001 796 2082 separatim
812 2003 853 2081 de
867 2001 983 2060 eodem
998 2000 1134 2083 scripse·

126 2083 178 2144 rit.
219 2079 308 2164 Ergo
330 2081 395 2142 vita
424 2021 643 2159 illaesione,
672 2101 766 2219 puero
787 2080 897 2163 paucis
922 2080 1136 2161 perscriptam

126 2162 297 2236 hahemus,
318 2159 447 2222 maioris
462 2180 537 2240 pars
561 2171 611 2220 est
635 2179 673 2221 vo
688 2160 821 2238 uminis,
841 2161 872 2220 in
893 2180 958 2241 quo
975 2161 1135 2220 Romano·

127 2262 200 2302 rum
214 2240 427 2321 complurium
448 2243 533 2301 vitae
548 2239 799 2300 continerentur.
842 2241 885 2300 Et
905 2259 979 2300 sane
1003 2239 1136 2306 inanti-

130 2319 282 2404 quissp'mo
304 2319 416 2380 codice
434 2317 552 2380 Oberti
567 2318 685 2380 Cilanii
709 2331 782 2380 ante
802 2319 909 2382 Vitam
932 2317 1032 2378 Attici
1047 2318 1136 2398 lege·

128 2401 244 2460 huntur
263 2399 343 2460 haec
364 2397 479 2460 verba:
510 2400 581 2474 „Ex
601 2396 683 2458 lihro
708 2399 849 2459 Cornelii
862 2399 996 2478 Nepotis
1017 2396 1058 2456 de
1075 2400 1136 2456 La·

128 2479 201 2540 tinis
226 2477 417 2538 historicis.“
439 2476 472 2557 ὃ)
502 2478 575 2539 Reli
599 2478 645 2538 uit
669 2479 761 2539 etiam
786 2479 994 2555 Euemplorum
1022 2475 1133 2554 libros,

175 2577 210 2618 os
226 2557 322 2618 citant
331 2556 470 2633 Gellius,
488 2556 543 2617 lib.
559 2499 629 2631 hal,
645 2577 713 2639 cap.
727 2560 779 2632 18,
796 2568 829 2618 et
843 2555 1019 2632 Charisius,
1040 2554 1094 2614 lib.
1107 2557 1133 2619 l·

160 2637 203 2696 lia
227 2655 291 2719 quo
315 2653 357 2693 ue
383 2636 526 2696 eiusdem
549 2637 678 2696 laudant
699 2648 846 2698 veteres:
877 2634 934 2694 sed
956 2655 1020 2694 non
1041 2633 1135 2710 item,

131 2736 214 2800 quae
247 2714 287 2775 ad
336 2713 478 2776 istoriam
501 2717 691 2795 pertineant.
731 2717 810 2774 Nam
836 2734 876 2772 cx
904 2713 1037 2794 epistola
1068 2713 1136 2774 eius

132 2795 172 2855 ad
186 2795 376 2856 Ciceronem
398 2795 553 2875 quaedam
569 2795 752 2854 Lactantius
777 2792 874 2853 silent
894 2791 947 2852 lib.
964 2794 1015 2852 111.
1036 2792 1135 2852 instit.

131 2873 237 2935 Divin.
260 2891 328 2953 cap.
343 2872 413 2934 XV.
438 2873 716 2959 Quemadmodum
738 2886 771 2934 et
785 2872 948 2932 Ciceronis
972 2871 1011 2931 ed
1030 2874 1136 2952 Nepo-

132 2964 199 3014 tem
220 2951 373 3032 epistolae
398 2952 539 3012 meminit
563 2953 765 3034 Tranquillus
789 2950 942 3027 in'Julio,
974 2969 1042 3031 cap.
1061 2952 1136 3027 LV3

134 3031 315 3094 Ammianus
335 3031 546 3108 Marcellinus,
567 3033 655 3092 initio
678 3032 733 3094 lib.
749 3032 854 3096 XXVI
861 3053 870 3107 ;
893 3051 928 3092 ac
946 3031 1137 3104 Priscianus,

134 3111 187 3171 lib.
209 3110 290 3173 Vlll.
335 3111 433 3173 Immo
462 3122 495 3170 et
532 3111 705 3170 secundum
736 3111 900 3172 Ciceronis
931 3109 1138 3190 epistolarum

135 3189 253 3250 librum
284 3189 324 3248 ad
350 3192 511 3272 Nepotem
538 3189 719 3252 Macrobius
747 3191 840 3268 citat,
869 3189 923 3250 liu
945 3190 981 3248 ll.
1010 3188 1136 3250 Satura.

171 3415 199 3480 8)
219 3412 260 3466 ct.
282 3414 361 3466 liord.
380 3417 408 3465 in
426 3414 469 3466 ed.
490 3416 561 3467 Stes.
580 3413 622 3464 ad.
647 3413 671 3463 h.
691 3417 709 3465 l.
729 3431 756 3482 p.
771 3414 818 3466 CV
836 3431 874 3480 sq.
