2564 3872
81 421 84 426 ’
164 423 220 496 aaa
371 382 375 388 ¹
419 420 879 518 xxffl.ammam.m.313.

160 581 247 667 quod
268 579 427 642 adversus
444 578 492 639 ius
515 575 645 659 hospitii
675 585 775 656 esset3
800 578 883 659 ipsi,
914 578 941 640 si
970 585 1120 672 possent,

159 657 485 742 comprehenderent:
512 660 636 726 locum,
656 657 713 718 ubi
734 669 835 734 esset,
856 658 952 718 facile
974 671 1121 720 inventu-

159 761 225 802 ros.
265 737 419 800 Hannibal
441 737 523 798 enim
542 757 606 798 uno
627 736 700 798 loco
721 757 755 798 se
776 737 906 798 tenebat
928 739 960 797 in
975 738 1120 813 castello,

159 819 248 960 quod
269 817 299 878 ei
320 815 360 876 ab
381 836 461 898 rege
482 815 590 877 datum
605 827 674 876 erat
687 816 828 878 muneri:
851 816 948 898 idque
969 817 1014 876 sic
1034 817 1120 877 aedi·

183 909 286 972 canat,
311 907 346 958 ut
367 895 400 956 in
421 895 565 956 omnibus
589 892 732 976 partibus
754 892 891 955 aedificii
906 897 1034 956 ¹snitum
1058 897 1120 956 sibi

119 975 123 982 ’
157 976 311 1051 haberet,
338 995 465 1055 semper
488 995 620 1050 verens,
649 993 689 1032 ne
714 993 774 1034 usu
801 974 924 1035 veniret
948 975 996 1054 ³),
1012 975 1118 1067 'quod

13 1095 19 1100 -
117 1055 284 1130 aanoldis.
330 1057 402 1116 Huc
460 1075 536 1114 uum
565 1053 662 1134 legati
696 1055 912 1116 Romanorum
949 1067 1120 1130 venissent,

157 1155 195 1196 ac
222 1133 422 1194 multitudine
473 1154 580 1194 omum
607 1132 676 1190 eius
706 1131 1006 1210 circumdedissent,
1034 1154 1118 1214 puer

64 1208 68 1214 ’
157 1211 197 1274 ab
219 1213 309 1272 ianua
333 1211 528 1303 prospiciens
545 1209 711 1271 Hannibali
730 1210 827 1277 dixit,
857 1211 966 1304 plures
986 1224 1118 1292 praeter

157 1291 420 1354 consuetudinem
441 1302 578 1352 armatos
600 1309 764 1369 apparere.
807 1289 872 1382 Qui
887 1290 1055 1371 imperavit
1076 1292 1117 1364 ei,

71 1432 74 1438 ,
157 1381 195 1430 ut
216 1389 326 1430 omnes
346 1367 434 1430 fores
455 1369 592 1429 aedilicii
604 1368 809 1442 circumiret,
834 1389 870 1428 ac
892 1388 1033 1449 propere
1055 1370 1117 1429 sihi

158 1448 369 1526 renuntiaret,
390 1469 464 1506 num
486 1447 600 1508 eodem
625 1447 722 1508 modo
742 1448 883 1530 undique
904 1448 1116 1510 obsideretur.

116 1531 138 1592 5
156 1531 245 1588 Puer
259 1547 357 1608 quum
373 1524 532 1602 celeriter,
545 1525 624 1608 quid
639 1537 740 1602 esset,
756 1527 980 1604 renuntiasset,
991 1537 1116 1587 onmes-

154 1626 217 1690 que
238 1604 340 1664 exitus
363 1615 535 1684 occupatos
551 1605 757 1678 ostendissem
779 1606 893 1682 sensit,
914 1605 948 1665 id
969 1626 1031 1666 non
1047 1607 1115 1667 l'or-

153 1684 234 1746 tuito
258 1681 395 1758 factum,
421 1683 478 1746 sed
502 1703 536 1744 se
556 1684 640 1765 peti,
663 1703 702 1744 ne
726 1705 767 1744 ue
792 1685 851 1744 sibi
875 1684 992 1744 diutius
1017 1685 1114 1746 vitain

154 1783 225 1824 esse
248 1761 454 1822 retinendam.
497 1762 602 1847 Quam
625 1783 666 1823 ne
694 1707 796 1824 aiieno
819 1763 952 1825 arbitrio
974 1764 1113 1824 dimitte-

143 1853 221 1927 ⁸ret,
248 1860 373 1902 memor
394 1841 599 1922 pristinarum
622 1841 793 1920 virtutum,
822 1862 997 1920 venenum,
1024 1843 1114 1927 quod

153 1942 218 1984 sem
245 1939 281 1982 er
300 1939 408 1982 seeum
431 1921 551 1983 hahere
575 1933 801 1998 consueverat,
823 1923 944 1982 sumsit.

261 1999 311 2061 lll.
341 1998 394 2062 Sic
415 2001 464 2062 tir
485 2000 693 2076 fortissimus,
718 2001 826 2061 multis
852 2001 1012 2083 variisque
1039 2021 1114 2080 per-

152 2078 279 2140 functus
293 2077 475 2157 laboribus,
493 2101 572 2143 emto
590 2080 749 2161 acquievit
763 2080 1007 2173 septuagesimo.
1034 2081 1114 2166 Qui-

113 2180 115 2182 ·
151 2157 211 2218 bus
242 2157 424 2218 consulibus
457 2158 629 2232 interierit,
665 2177 729 2218 non
756 2169 914 2221 convemt.
966 2159 1112 2241 Namque

152 2237 294 2312 Atticus,
316 2237 425 2296 Marco
446 2237 578 2297 Claudio
595 2238 766 2313 Marcello,
787 2237 828 2322 Q
842 2237 944 2317 Fabio
959 2237 1111 2297 Labeone

152 2315 242 2376 Coss.
263 2324 444 2389 mortuum,
472 2315 503 2373 in
526 2314 626 2374 annali
651 2336 709 2376 suo
730 2317 883 2396 scriptum
905 2316 1051 2398 reliquit3
1078 2329 1111 2376 at

151 2391 318 2472 Polybius,
337 2393 374 2449 L.
389 2393 524 2452 Aemilio
539 2393 652 2452 Paullo
669 2405 702 2452 et
715 2396 771 2455 Cn.
784 2395 907 2457 Baebio
922 2395 1090 2474 Tamphilo
1099 2419 1109 2472 3

150 2470 308 2553 Sulpicius
337 2481 461 2547 autem,
488 2481 525 2537 Τ.
554 2471 703 2534 Cornelio
735 2473 897 2555 Cethego,
922 2475 963 2532 M.
987 2473 1109 2534 Baebio

111 2548 326 2630 a'l'arnphilo.
367 2549 476 2642 Atque
498 2549 549 2612 hie
569 2563 673 2612 tantus
695 2552 744 2612 vir
764 2555 924 2636 tantisque
945 2551 1037 2612 bellis
1062 2552 1111 2611 di-

149 2629 277 2690 strictus
307 2627 446 2690 nonnihil
477 2631 630 2712 temporis
661 2631 772 2692 tribuit
803 2631 912 2692 literis.
963 2633 1108 2713 Namque

149 2703 270 2791 aliquot
289 2707 358 2768 eius
379 2708 456 2768 libri
478 2722 566 2786 sunt,
588 2711 712 2770 Graeco
734 2731 882 2772 sermone
899 2709 1055 2784 confecti;
1076 2711 1108 2770 in

147 2785 196 2848 his
217 2788 256 2848 ad
277 2786 420 2848 Rhodios
443 2788 483 2847 de
503 2791 550 2848 Cn
575 2788 681 2848 Manlii
695 2785 845 2849 Vulsonis
865 2792 897 2851 in
915 2789 988 2850 Asia
1009 2787 1107 2848 rebus

106 2869 126 2932 3
148 2867 252 2948 gestis.
292 2867 397 2932 Huius¹
423 2864 508 2925 llella
535 2877 623 2946 gesta
651 2867 743 2927 multi
762 2869 935 2930 memoriae
956 2867 1108 2948 prodide-

147 2956 237 3005 runt:
266 2945 385 3006 sodex
409 2943 458 3002 his
478 2943 562 3020 duo,
590 2945 646 3026 qui
674 2965 747 3005 cum
771 2965 811 3007 co
835 2947 867 3008 in
897 2946 1008 3008 eastris
1036 2946 1107 3006 lue·

147 3034 221 3084 runt
240 3023 396 3104 simulque
417 3023 580 3099 vixerunt,
606 3023 756 3105 quamdiu
776 3023 906 3088 fortuna
931 3045 1023 3106 passa
1046 3035 1107 3103 est,

146 3102 288 3176 Silenus,
309 3113 342 3160 et
359 3099 481 3159 Sosilns
502 3101 779 3163 Lacedaemonius.
800 3107 908 3187 Atque
923 3105 985 3165 hoc
1000 3103 1105 3166 Sosilo

145 3179 300 3240 Hannibal
333 3179 498 3242 literarum
536 3181 730 3241 Graecarum
766 3203 841 3241 usus
877 3195 927 3244 est
959 3183 1104 3244 doctore.

106 3269 127 3333 4
147 3259 212 3324 Sed
232 3279 290 3320 nos
313 3253 343 3337 4)
372 3269 497 3338 tempus
519 3272 569 3320 cst
589 3261 683 3324 huius
709 3261 783 3345 libri
805 3261 915 3323 facere
940 3259 1050 3335 linem,
1073 3271 1108 3322 ot

122 3377 296 3396 b-flfl-——u-

204 3439 230 3508 3)
250 3445 326 3509 vulgo
346 3445 483 3503 arannem
502 3435 537 3495 rs.
553 3440 655 3495 Daehn.
669 3431 740 3511 'ibiq
758 3444 873 3500 laudan.

205 3509 234 3578 4)
253 3513 336 3562 Wetz.
358 3515 392 3561 al.
412 3527 502 3573 tarano,
523 3514 555 3562 cl.
575 3511 676 3582 Dedin,
