<?xml version="1.0" encoding="UTF-8"?>
<!DOCTYPE html PUBLIC "-//W3C//DTD XHTML 1.0 Transitional//EN"
    "http://www.w3.org/TR/xhtml1/DTD/xhtml1-transitional.dtd">
<html xmlns="http://www.w3.org/1999/xhtml" xml:lang="en" lang="en">
 <head>
  <title>
</title>
<meta http-equiv="Content-Type" content="text/html;charset=utf-8" />
  <meta name='ocr-system' content='tesseract 3.04.00' />
  <meta name='ocr-capabilities' content='ocr_page ocr_carea ocr_par ocr_line ocrx_word'/>
</head>
<body>
  <div class='ocr_page' id='page_1' title='image "./quaeexstantadop00nepogoog_0049.png"; bbox 0 0 2524 3872; ppageno 0'>
   <div class='ocr_carea' id='block_1_1' title="bbox 433 449 742 541">
    <p class='ocr_par' dir='ltr' id='par_1_1' title="bbox 433 449 742 541">
     <span class='ocr_line' id='line_1_1' title="bbox 433 449 742 541; baseline 0.003 -26"><span class='ocrx_word' id='word_1_1' title='bbox 433 449 486 541; x_wconf 79' lang='lat' dir='ltr'><strong>Vl.</strong></span> <span class='ocrx_word' id='word_1_2' title='bbox 506 471 687 517; x_wconf 72' lang='lat' dir='ltr'><strong>ausinora.</strong></span> <span class='ocrx_word' id='word_1_3' title='bbox 716 475 742 518; x_wconf 78' lang='lat' dir='ltr'><strong>r.</strong></span> 
     </span>
    </p>
   </div>
   <div class='ocr_carea' id='block_1_2' title="bbox 398 641 778 836">
    <p class='ocr_par' dir='ltr' id='par_1_2' title="bbox 398 641 778 836">
     <span class='ocr_line' id='line_1_2' title="bbox 558 641 612 706; baseline -0.093 0"><span class='ocrx_word' id='word_1_4' title='bbox 558 641 612 706; x_wconf 85' lang='lat' dir='ltr'><strong>Vl.</strong></span> 
     </span>
     <span class='ocr_line' id='line_1_3' title="bbox 398 770 778 836; baseline 0.011 -3"><span class='ocrx_word' id='word_1_5' title='bbox 398 770 778 836; x_wconf 78' lang='lat' dir='ltr'><strong>LYSANDER.</strong></span> 
     </span>
    </p>
   </div>
   <div class='ocr_carea' id='block_1_3' title="bbox 458 1007 717 1064">
    <p class='ocr_par' dir='ltr' id='par_1_3' title="bbox 458 1007 717 1064">
     <span class='ocr_line' id='line_1_4' title="bbox 458 1007 717 1064; baseline 0.019 -5"><span class='ocrx_word' id='word_1_6' title='bbox 458 1007 717 1064; x_wconf 78' lang='lat' dir='ltr'><strong>ARGUMENTUM·</strong></span> 
     </span>
    </p>
   </div>
   <div class='ocr_carea' id='block_1_4' title="bbox 102 1141 1073 1552">
    <p class='ocr_par' dir='ltr' id='par_1_4' title="bbox 102 1141 1073 1552">
     <span class='ocr_line' id='line_1_5' title="bbox 174 1141 1073 1214; baseline 0.002 -20"><span class='ocrx_word' id='word_1_7' title='bbox 174 1144 240 1214; x_wconf 88' lang='lat' dir='ltr'><strong>Cap.</strong></span> <span class='ocrx_word' id='word_1_8' title='bbox 258 1143 280 1196; x_wconf 89' lang='lat'><strong>1.</strong></span> <span class='ocrx_word' id='word_1_9' title='bbox 308 1142 445 1212; x_wconf 72' lang='lat' dir='ltr'><strong>Lysander</strong></span> <span class='ocrx_word' id='word_1_10' title='bbox 465 1143 642 1194; x_wconf 76' lang='lat' dir='ltr'><strong>Athenienses</strong></span> <span class='ocrx_word' id='word_1_11' title='bbox 664 1141 737 1214; x_wconf 87' lang='lat' dir='ltr'><strong>apud</strong></span> <span class='ocrx_word' id='word_1_12' title='bbox 754 1143 844 1211; x_wconf 79' lang='lat' dir='ltr'><strong>Aegos</strong></span> <span class='ocrx_word' id='word_1_13' title='bbox 868 1141 968 1196; x_wconf 77' lang='lat' dir='ltr'><strong>tumen</strong></span> <span class='ocrx_word' id='word_1_14' title='bbox 989 1145 1073 1196; x_wconf 79' lang='lat' dir='ltr'><strong>vineit</strong></span> 
     </span>
     <span class='ocr_line' id='line_1_6' title="bbox 105 1209 1070 1281; baseline 0.001 -19"><span class='ocrx_word' id='word_1_15' title='bbox 105 1211 215 1280; x_wconf 84' lang='lat' dir='ltr'><strong>(mense</strong></span> <span class='ocrx_word' id='word_1_16' title='bbox 233 1212 378 1262; x_wconf 88' lang='lat' dir='ltr'><strong>Decembri</strong></span> <span class='ocrx_word' id='word_1_17' title='bbox 398 1227 459 1262; x_wconf 86' lang='lat' dir='ltr'><strong>ann.</strong></span> <span class='ocrx_word' id='word_1_18' title='bbox 477 1209 526 1276; x_wconf 76' lang='grc'><strong>405</strong></span> <span class='ocrx_word' id='word_1_19' title='bbox 545 1228 569 1260; x_wconf 85' lang='lat' dir='ltr'><strong>a.</strong></span> <span class='ocrx_word' id='word_1_20' title='bbox 587 1211 650 1262; x_wconf 85' lang='lat' dir='ltr'>Chr.</span> <span class='ocrx_word' id='word_1_21' title='bbox 669 1211 723 1281; x_wconf 89' lang='lat' dir='ltr'><strong>n.);</strong></span> <span class='ocrx_word' id='word_1_22' title='bbox 749 1211 917 1262; x_wconf 85' lang='lat' dir='ltr'><strong>decemviros</strong></span> <span class='ocrx_word' id='word_1_23' title='bbox 937 1209 1070 1262; x_wconf 76' lang='lat' dir='ltr'><strong>Graeciae</strong></span> 
     </span>
     <span class='ocr_line' id='line_1_7' title="bbox 104 1278 1069 1346; baseline -0.001 -16"><span class='ocrx_word' id='word_1_24' title='bbox 104 1279 255 1330; x_wconf 74' lang='lat' dir='ltr'><strong>civitatibus</strong></span> <span class='ocrx_word' id='word_1_25' title='bbox 271 1281 394 1346; x_wconf 82' lang='lat' dir='ltr'><strong>imponit.</strong></span> <span class='ocrx_word' id='word_1_26' title='bbox 417 1306 448 1317; x_wconf 94' lang='lat'>-</span> <span class='ocrx_word' id='word_1_27' title='bbox 475 1280 509 1328; x_wconf 88' lang='lat' dir='ltr'><strong>Il.</strong></span> <span class='ocrx_word' id='word_1_28' title='bbox 530 1279 653 1330; x_wconf 85' lang='lat' dir='ltr'><strong>Crudelis</strong></span> <span class='ocrx_word' id='word_1_29' title='bbox 673 1281 701 1329; x_wconf 95' lang='lat' dir='ltr'><strong>in</strong></span> <span class='ocrx_word' id='word_1_30' title='bbox 719 1279 840 1330; x_wconf 76' lang='lat' dir='ltr'><strong>Thasios.</strong></span> <span class='ocrx_word' id='word_1_31' title='bbox 862 1304 896 1338; x_wconf 92' lang='lat'><strong>·.·</strong></span> <span class='ocrx_word' id='word_1_32' title='bbox 919 1278 966 1327; x_wconf 90' lang='lat'><strong>111.</strong></span> <span class='ocrx_word' id='word_1_33' title='bbox 984 1279 1069 1344; x_wconf 81' lang='lat' dir='ltr'><strong>Reges</strong></span> 
     </span>
     <span class='ocr_line' id='line_1_8' title="bbox 103 1346 1070 1414; baseline -0.001 -18"><span class='ocrx_word' id='word_1_34' title='bbox 103 1346 384 1397; x_wconf 83' lang='lat' dir='ltr'><strong>Lacedaemoniorum</strong></span> <span class='ocrx_word' id='word_1_35' title='bbox 401 1347 500 1397; x_wconf 85' lang='lat' dir='ltr'><strong>tollere</strong></span> <span class='ocrx_word' id='word_1_36' title='bbox 518 1354 545 1397; x_wconf 89' lang='lat' dir='ltr'><strong>et</strong></span> <span class='ocrx_word' id='word_1_37' title='bbox 564 1348 675 1398; x_wconf 84' lang='lat' dir='ltr'><strong>oracula</strong></span> <span class='ocrx_word' id='word_1_38' title='bbox 686 1361 861 1414; x_wconf 88' lang='lat' dir='ltr'><strong>corrumpere</strong></span> <span class='ocrx_word' id='word_1_39' title='bbox 876 1353 1004 1409; x_wconf 89' lang='lat' dir='ltr'><strong>conatur;</strong></span> <span class='ocrx_word' id='word_1_40' title='bbox 1023 1361 1070 1396; x_wconf 86' lang='lat' dir='ltr'><strong>ae·</strong></span> 
     </span>
     <span class='ocr_line' id='line_1_9' title="bbox 104 1409 1073 1480; baseline -0.001 -15"><span class='ocrx_word' id='word_1_41' title='bbox 104 1422 213 1465; x_wconf 86' lang='lat' dir='ltr'><strong>casatus</strong></span> <span class='ocrx_word' id='word_1_42' title='bbox 228 1413 391 1479; x_wconf 88' lang='lat' dir='ltr'><strong>absolvitur;</strong></span> <span class='ocrx_word' id='word_1_43' title='bbox 409 1413 481 1480; x_wconf 88' lang='lat' dir='ltr'><strong>apud</strong></span> <span class='ocrx_word' id='word_1_44' title='bbox 498 1415 644 1464; x_wconf 77' lang='lat' dir='ltr'><strong>Haliartum</strong></span> <span class='ocrx_word' id='word_1_45' title='bbox 663 1415 762 1465; x_wconf 89' lang='lat' dir='ltr'><strong>cecidit</strong></span> <span class='ocrx_word' id='word_1_46' title='bbox 780 1410 843 1480; x_wconf 70' lang='lat'>(394</span> <span class='ocrx_word' id='word_1_47' title='bbox 862 1429 886 1463; x_wconf 86' lang='lat' dir='ltr'><strong>a.</strong></span> <span class='ocrx_word' id='word_1_48' title='bbox 901 1411 964 1478; x_wconf 80' lang='lat' dir='ltr'><strong>Chr.</strong></span> <span class='ocrx_word' id='word_1_49' title='bbox 980 1409 1019 1480; x_wconf 81' lang='lat' dir='ltr'><strong>n.)</strong></span> <span class='ocrx_word' id='word_1_50' title='bbox 1036 1437 1073 1453; x_wconf 90' lang='lat'><em>-</em></span> 
     </span>
     <span class='ocr_line' id='line_1_10' title="bbox 102 1479 861 1552; baseline -0.003 -18"><span class='ocrx_word' id='word_1_51' title='bbox 102 1482 152 1534; x_wconf 81' lang='lat' dir='ltr'><strong>lv.</strong></span> <span class='ocrx_word' id='word_1_52' title='bbox 169 1479 336 1532; x_wconf 78' lang='lat' dir='ltr'><strong>Pharnabazi</strong></span> <span class='ocrx_word' id='word_1_53' title='bbox 352 1481 447 1534; x_wconf 76' lang='lat' dir='ltr'><strong>fraude</strong></span> <span class='ocrx_word' id='word_1_54' title='bbox 464 1481 602 1552; x_wconf 69' lang='lat' dir='ltr'><strong>Lysander</strong></span> <span class='ocrx_word' id='word_1_55' title='bbox 618 1497 648 1534; x_wconf 82' lang='lat' dir='ltr'><strong>se</strong></span> <span class='ocrx_word' id='word_1_56' title='bbox 666 1482 724 1552; x_wconf 82' lang='lat' dir='ltr'><strong>ipse</strong></span> <span class='ocrx_word' id='word_1_57' title='bbox 742 1489 861 1534; x_wconf 83' lang='lat' dir='ltr'><strong>accusat.</strong></span> 
     </span>
    </p>
   </div>
   <div class='ocr_carea' id='block_1_5' title="bbox 100 1621 1109 2340">
    <p class='ocr_par' dir='ltr' id='par_1_5' title="bbox 100 1621 1109 2099">
     <span class='ocr_line' id='line_1_11' title="bbox 167 1621 1106 1710; baseline -0.004 -24"><span class='ocrx_word' id='word_1_58' title='bbox 167 1627 191 1686; x_wconf 93' lang='lat' dir='ltr'><strong>I.</strong></span> <span class='ocrx_word' id='word_1_59' title='bbox 210 1627 400 1702; x_wconf 80' lang='lat' dir='ltr'><strong>Lrssnnnn,</strong></span> <span class='ocrx_word' id='word_1_60' title='bbox 415 1625 697 1703; x_wconf 81' lang='lat' dir='ltr'><strong>Lacedaemonius,</strong></span> <span class='ocrx_word' id='word_1_61' title='bbox 717 1647 861 1710; x_wconf 85' lang='lat' dir='ltr'><strong>magnam</strong></span> <span class='ocrx_word' id='word_1_62' title='bbox 875 1623 1007 1710; x_wconf 82' lang='lat' dir='ltr'><strong>reliquit</strong></span> <span class='ocrx_word' id='word_1_63' title='bbox 1019 1621 1069 1684; x_wconf 86' lang='lat' dir='ltr'><strong>sni</strong></span> <span class='ocrx_word' id='word_1_64' title='bbox 1092 1644 1106 1682; x_wconf 90' lang='grc' dir='ltr'>ι</span> 
     </span>
     <span class='ocr_line' id='line_1_12' title="bbox 102 1703 1071 1788; baseline -0.004 -21"><span class='ocrx_word' id='word_1_65' title='bbox 102 1703 241 1782; x_wconf 80' lang='lat' dir='ltr'><strong>famam,</strong></span> <span class='ocrx_word' id='word_1_66' title='bbox 260 1705 359 1788; x_wconf 80' lang='lat' dir='ltr'><strong>magis</strong></span> <span class='ocrx_word' id='word_1_67' title='bbox 379 1703 532 1766; x_wconf 84' lang='lat' dir='ltr'><strong>felicitate</strong></span> <span class='ocrx_word' id='word_1_68' title='bbox 547 1729 643 1788; x_wconf 87' lang='lat' dir='ltr'><strong>quarn</strong></span> <span class='ocrx_word' id='word_1_69' title='bbox 659 1707 777 1767; x_wconf 81' lang='lat' dir='ltr'><strong>virtute</strong></span> <span class='ocrx_word' id='word_1_70' title='bbox 796 1718 929 1786; x_wconf 88' lang='lat' dir='ltr'><strong>partam.</strong></span> <span class='ocrx_word' id='word_1_71' title='bbox 969 1703 1071 1765; x_wconf 86' lang='lat' dir='ltr'><strong>Athe·</strong></span> 
     </span>
     <span class='ocr_line' id='line_1_13' title="bbox 100 1783 1068 1862; baseline -0.003 -15"><span class='ocrx_word' id='word_1_72' title='bbox 100 1785 228 1847; x_wconf 88' lang='lat' dir='ltr'><strong>nienses</strong></span> <span class='ocrx_word' id='word_1_73' title='bbox 244 1783 327 1844; x_wconf 85' lang='lat' dir='ltr'><strong>enirn</strong></span> <span class='ocrx_word' id='word_1_74' title='bbox 347 1784 380 1844; x_wconf 89' lang='lat' dir='ltr'><strong>in</strong></span> <span class='ocrx_word' id='word_1_75' title='bbox 393 1783 645 1862; x_wconf 87' lang='lat' dir='ltr'><strong>Peloponnesios</strong></span> <span class='ocrx_word' id='word_1_76' title='bbox 660 1795 752 1844; x_wconf 82' lang='lat' dir='ltr'><strong>sexto</strong></span> <span class='ocrx_word' id='word_1_77' title='bbox 768 1796 801 1843; x_wconf 89' lang='lat' dir='ltr'><strong>et</strong></span> <span class='ocrx_word' id='word_1_78' title='bbox 813 1783 966 1845; x_wconf 85' lang='lat' dir='ltr'><strong>vicesimo</strong></span> <span class='ocrx_word' id='word_1_79' title='bbox 988 1803 1068 1844; x_wconf 88' lang='lat' dir='ltr'><strong>anno</strong></span> 
     </span>
     <span class='ocr_line' id='line_1_14' title="bbox 102 1860 1109 1942; baseline -0.006 -18"><span class='ocrx_word' id='word_1_80' title='bbox 102 1864 226 1926; x_wconf 87' lang='lat' dir='ltr'><strong>bellum</strong></span> <span class='ocrx_word' id='word_1_81' title='bbox 233 1872 382 1942; x_wconf 84' lang='lat' dir='ltr'><strong>gerentes</strong></span> <span class='ocrx_word' id='word_1_82' title='bbox 390 1860 570 1920; x_wconf 85' lang='lat' dir='ltr'><strong>confecisse</strong></span> <span class='ocrx_word' id='word_1_83' title='bbox 582 1873 723 1942; x_wconf 85' lang='lat' dir='ltr'><strong>apparet.</strong></span> <span class='ocrx_word' id='word_1_84' title='bbox 751 1861 855 1938; x_wconf 83' lang='lat' dir='ltr'><strong>Nee5)</strong></span> <span class='ocrx_word' id='word_1_85' title='bbox 867 1881 930 1942; x_wconf 91' lang='lat' dir='ltr'><strong>qna</strong></span> <span class='ocrx_word' id='word_1_86' title='bbox 945 1861 1068 1920; x_wconf 85' lang='lat' dir='ltr'><strong>ratione</strong></span> <span class='ocrx_word' id='word_1_87' title='bbox 1089 1875 1109 1918; x_wconf 77' lang='lat' dir='ltr'><strong>a</strong></span> 
     </span>
     <span class='ocr_line' id='line_1_15' title="bbox 102 1937 1072 2014; baseline -0.007 -11"><span class='ocrx_word' id='word_1_88' title='bbox 102 1951 295 2004; x_wconf 86' lang='lat' dir='ltr'><strong>consecutus</strong></span> <span class='ocrx_word' id='word_1_89' title='bbox 318 1939 374 2014; x_wconf 91' lang='lat' dir='ltr'><strong>sit,</strong></span> <span class='ocrx_word' id='word_1_90' title='bbox 401 1939 489 1998; x_wconf 88' lang='lat' dir='ltr'><strong>latet.</strong></span> <span class='ocrx_word' id='word_1_91' title='bbox 529 1941 601 1998; x_wconf 91' lang='lat' dir='ltr'><strong>Non</strong></span> <span class='ocrx_word' id='word_1_92' title='bbox 625 1939 708 1999; x_wconf 90' lang='lat' dir='ltr'><strong>enim</strong></span> <span class='ocrx_word' id='word_1_93' title='bbox 728 1939 852 2000; x_wconf 86' lang='lat' dir='ltr'><strong>virtute</strong></span> <span class='ocrx_word' id='word_1_94' title='bbox 878 1939 927 1996; x_wconf 92' lang='lat' dir='ltr'><strong>sui</strong></span> <span class='ocrx_word' id='word_1_95' title='bbox 948 1937 1072 1998; x_wconf 78' lang='lat' dir='ltr'><strong>exerci-</strong></span> 
     </span>
     <span class='ocr_line' id='line_1_16' title="bbox 103 2015 1071 2099; baseline -0.005 -18"><span class='ocrx_word' id='word_1_96' title='bbox 103 2034 170 2096; x_wconf 87' lang='lat' dir='ltr'><strong>tus,</strong></span> <span class='ocrx_word' id='word_1_97' title='bbox 191 2017 249 2078; x_wconf 86' lang='lat' dir='ltr'><strong>sed</strong></span> <span class='ocrx_word' id='word_1_98' title='bbox 269 2016 469 2078; x_wconf 86' lang='lat' dir='ltr'><strong>immodestia</strong></span> <span class='ocrx_word' id='word_1_99' title='bbox 494 2015 614 2078; x_wconf 85' lang='lat' dir='ltr'><strong>factum</strong></span> <span class='ocrx_word' id='word_1_100' title='bbox 635 2029 686 2078; x_wconf 88' lang='lat' dir='ltr'><strong>est</strong></span> <span class='ocrx_word' id='word_1_101' title='bbox 706 2015 982 2094; x_wconf 86' lang='lat' dir='ltr'><strong>adversariorum,</strong></span> <span class='ocrx_word' id='word_1_102' title='bbox 1005 2016 1071 2099; x_wconf 83' lang='lat' dir='ltr'><strong>qui,</strong></span> 
     </span>
    </p>

    <p class='ocr_par' dir='ltr' id='par_1_6' title="bbox 102 2095 1108 2340">
     <span class='ocr_line' id='line_1_17' title="bbox 127 2095 1108 2178; baseline -0.003 -19"><span class='ocrx_word' id='word_1_103' title='bbox 127 2098 194 2164; x_wconf 89' lang='lat' dir='ltr'><strong>uod</strong></span> <span class='ocrx_word' id='word_1_104' title='bbox 214 2097 301 2157; x_wconf 89' lang='lat' dir='ltr'><strong>dioto</strong></span> <span class='ocrx_word' id='word_1_105' title='bbox 324 2097 488 2157; x_wconf 83' lang='lat' dir='ltr'><strong>audientes</strong></span> <span class='ocrx_word' id='word_1_106' title='bbox 510 2095 757 2178; x_wconf 85' lang='lat' dir='ltr'><strong>imperatoribus</strong></span> <span class='ocrx_word' id='word_1_107' title='bbox 782 2095 846 2156; x_wconf 88' lang='lat' dir='ltr'><strong>suis</strong></span> <span class='ocrx_word' id='word_1_108' title='bbox 874 2117 938 2158; x_wconf 87' lang='lat' dir='ltr'><strong>non</strong></span> <span class='ocrx_word' id='word_1_109' title='bbox 962 2107 1071 2172; x_wconf 83' lang='lat' dir='ltr'><strong>erant,</strong></span> <span class='ocrx_word' id='word_1_110' title='bbox 1103 2132 1108 2141; x_wconf 88' lang='lat'><strong>.</strong></span> 
     </span>
     <span class='ocr_line' id='line_1_18' title="bbox 102 2122 1071 2258; baseline -0.004 -18"><span class='ocrx_word' id='word_1_111' title='bbox 102 2122 249 2258; x_wconf 62' lang='lat' dir='ltr'><strong>iiispalati</strong></span> <span class='ocrx_word' id='word_1_112' title='bbox 272 2176 303 2236; x_wconf 91' lang='lat' dir='ltr'><strong>in</strong></span> <span class='ocrx_word' id='word_1_113' title='bbox 325 2177 426 2257; x_wconf 85' lang='lat' dir='ltr'><strong>agris,</strong></span> <span class='ocrx_word' id='word_1_114' title='bbox 448 2175 569 2238; x_wconf 87' lang='lat' dir='ltr'><strong>relictis</strong></span> <span class='ocrx_word' id='word_1_115' title='bbox 590 2175 740 2252; x_wconf 82' lang='lat' dir='ltr'><strong>navibus,</strong></span> <span class='ocrx_word' id='word_1_116' title='bbox 761 2175 793 2236; x_wconf 89' lang='lat' dir='ltr'><strong>in</strong></span> <span class='ocrx_word' id='word_1_117' title='bbox 813 2174 952 2237; x_wconf 86' lang='lat' dir='ltr'><strong>hostium</strong></span> <span class='ocrx_word' id='word_1_118' title='bbox 973 2195 1071 2236; x_wconf 84' lang='lat' dir='ltr'><strong>vene·</strong></span> 
     </span>
     <span class='ocr_line' id='line_1_19' title="bbox 102 2254 1070 2340; baseline -0.004 -22"><span class='ocrx_word' id='word_1_119' title='bbox 102 2269 178 2318; x_wconf 86' lang='lat' dir='ltr'><strong>runt</strong></span> <span class='ocrx_word' id='word_1_120' title='bbox 203 2267 406 2336; x_wconf 85' lang='lat' dir='ltr'><strong>potestatem.</strong></span> <span class='ocrx_word' id='word_1_121' title='bbox 449 2255 523 2340; x_wconf 85' lang='lat' dir='ltr'><strong>Quo</strong></span> <span class='ocrx_word' id='word_1_122' title='bbox 553 2254 641 2318; x_wconf 81' lang='lat' dir='ltr'><strong>facto</strong></span> <span class='ocrx_word' id='word_1_123' title='bbox 672 2255 883 2316; x_wconf 85' lang='lat' dir='ltr'><strong>Athenienses</strong></span> <span class='ocrx_word' id='word_1_124' title='bbox 914 2275 949 2316; x_wconf 88' lang='lat' dir='ltr'><strong>se</strong></span> <span class='ocrx_word' id='word_1_125' title='bbox 969 2256 1070 2315; x_wconf 83' lang='lat' dir='ltr'><strong>Laee-</strong></span> 
     </span>
    </p>
   </div>
   <div class='ocr_carea' id='block_1_6' title="bbox 1 2329 1109 2415">
    <p class='ocr_par' dir='ltr' id='par_1_7' title="bbox 1 2329 1109 2415">
     <span class='ocr_line' id='line_1_20' title="bbox 1 2329 1109 2415; baseline -0.006 -17"><span class='ocrx_word' id='word_1_126' title='bbox 1 2375 2 2415; x_wconf 69' lang='lat'>3</span> <span class='ocrx_word' id='word_1_127' title='bbox 104 2335 275 2405; x_wconf 78' lang='lat' dir='ltr'><strong>daemoniis</strong></span> <span class='ocrx_word' id='word_1_128' title='bbox 296 2334 496 2395; x_wconf 88' lang='lat' dir='ltr'><strong>dediderunt.</strong></span> <span class='ocrx_word' id='word_1_129' title='bbox 531 2337 601 2396; x_wconf 86' lang='lat' dir='ltr'><strong>Hae</strong></span> <span class='ocrx_word' id='word_1_130' title='bbox 622 2334 758 2398; x_wconf 87' lang='lat' dir='ltr'><strong>victoria</strong></span> <span class='ocrx_word' id='word_1_131' title='bbox 776 2333 938 2414; x_wconf 76' lang='lat' dir='ltr'><strong>Lysander</strong></span> <span class='ocrx_word' id='word_1_132' title='bbox 955 2333 1067 2408; x_wconf 89' lang='lat' dir='ltr'><strong>elatus,</strong></span> <span class='ocrx_word' id='word_1_133' title='bbox 1089 2329 1109 2392; x_wconf 78' lang='lat'>3</span> 
     </span>
    </p>
   </div>
   <div class='ocr_carea' id='block_1_7' title="bbox 12 2411 1111 3370">
    <p class='ocr_par' dir='ltr' id='par_1_8' title="bbox 12 2411 1111 3370">
     <span class='ocr_line' id='line_1_21' title="bbox 104 2411 1068 2509; baseline -0.005 -35"><span class='ocrx_word' id='word_1_134' title='bbox 104 2436 203 2509; x_wconf 69' lang='lat' dir='ltr'><strong>quum</strong></span> <span class='ocrx_word' id='word_1_135' title='bbox 226 2427 318 2473; x_wconf 87' lang='lat' dir='ltr'><strong>antea</strong></span> <span class='ocrx_word' id='word_1_136' title='bbox 341 2431 470 2507; x_wconf 84' lang='lat' dir='ltr'><strong>semper</strong></span> <span class='ocrx_word' id='word_1_137' title='bbox 496 2413 652 2476; x_wconf 85' lang='lat' dir='ltr'><strong>factiosus</strong></span> <span class='ocrx_word' id='word_1_138' title='bbox 677 2414 843 2497; x_wconf 84' lang='lat' dir='ltr'><strong>audaxque</strong></span> <span class='ocrx_word' id='word_1_139' title='bbox 865 2413 995 2486; x_wconf 85' lang='lat' dir='ltr'><strong>fnisset,</strong></span> <span class='ocrx_word' id='word_1_140' title='bbox 1022 2411 1068 2470; x_wconf 86' lang='lat' dir='ltr'><strong>sic</strong></span> 
     </span>
     <span class='ocr_line' id='line_1_22' title="bbox 103 2491 1069 2574; baseline -0.006 -19"><span class='ocrx_word' id='word_1_141' title='bbox 103 2495 164 2556; x_wconf 77' lang='lat' dir='ltr'><strong>sthi</strong></span> <span class='ocrx_word' id='word_1_142' title='bbox 179 2491 323 2566; x_wconf 80' lang='lat' dir='ltr'><strong>indulsit,</strong></span> <span class='ocrx_word' id='word_1_143' title='bbox 343 2506 380 2554; x_wconf 92' lang='lat' dir='ltr'><strong>ut</strong></span> <span class='ocrx_word' id='word_1_144' title='bbox 401 2513 468 2554; x_wconf 87' lang='lat' dir='ltr'><strong>erus</strong></span> <span class='ocrx_word' id='word_1_145' title='bbox 489 2514 588 2574; x_wconf 87' lang='lat' dir='ltr'><strong>opera</strong></span> <span class='ocrx_word' id='word_1_146' title='bbox 605 2495 637 2554; x_wconf 90' lang='lat' dir='ltr'><strong>in</strong></span> <span class='ocrx_word' id='word_1_147' title='bbox 658 2493 828 2554; x_wconf 86' lang='lat' dir='ltr'><strong>maximum</strong></span> <span class='ocrx_word' id='word_1_148' title='bbox 844 2492 953 2554; x_wconf 82' lang='lat' dir='ltr'><strong>odiunt</strong></span> <span class='ocrx_word' id='word_1_149' title='bbox 968 2491 1069 2550; x_wconf 82' lang='lat' dir='ltr'><strong>Grae·</strong></span> 
     </span>
     <span class='ocr_line' id='line_1_23' title="bbox 104 2569 1110 2664; baseline -0.007 -29"><span class='ocrx_word' id='word_1_150' title='bbox 104 2575 171 2636; x_wconf 87' lang='lat' dir='ltr'><strong>ciae</strong></span> <span class='ocrx_word' id='word_1_151' title='bbox 203 2569 448 2632; x_wconf 86' lang='lat' dir='ltr'><strong>Lacedaemonii</strong></span> <span class='ocrx_word' id='word_1_152' title='bbox 483 2573 699 2664; x_wconf 80' lang='lat' dir='ltr'><strong>pervenerint.</strong></span> <span class='ocrx_word' id='word_1_153' title='bbox 727 2575 826 2632; x_wconf 86' lang='lat' dir='ltr'><strong>.Nam</strong></span> <span class='ocrx_word' id='word_1_154' title='bbox 857 2592 955 2653; x_wconf 86' lang='lat' dir='ltr'><strong>quum</strong></span> <span class='ocrx_word' id='word_1_155' title='bbox 987 2569 1110 2640; x_wconf 75' lang='lat' dir='ltr'><strong>hansa</strong></span> 
     </span>
     <span class='ocr_line' id='line_1_24' title="bbox 104 2647 1069 2724; baseline -0.007 -10"><span class='ocrx_word' id='word_1_156' title='bbox 104 2672 229 2714; x_wconf 85' lang='lat' dir='ltr'><strong>oausam</strong></span> <span class='ocrx_word' id='word_1_157' title='bbox 249 2649 494 2712; x_wconf 75' lang='lat' dir='ltr'><strong>Lacedaemonii</strong></span> <span class='ocrx_word' id='word_1_158' title='bbox 516 2651 715 2713; x_wconf 86' lang='lat' dir='ltr'><strong>dictitassent</strong></span> <span class='ocrx_word' id='word_1_159' title='bbox 734 2651 800 2713; x_wconf 88' lang='lat' dir='ltr'><strong>sihi</strong></span> <span class='ocrx_word' id='word_1_160' title='bbox 823 2669 893 2710; x_wconf 88' lang='lat' dir='ltr'><strong>esse</strong></span> <span class='ocrx_word' id='word_1_161' title='bbox 916 2647 1011 2724; x_wconf 90' lang='lat' dir='ltr'><strong>belll,</strong></span> <span class='ocrx_word' id='word_1_162' title='bbox 1032 2657 1069 2707; x_wconf 87' lang='lat' dir='ltr'><strong>nt</strong></span> 
     </span>
     <span class='ocr_line' id='line_1_25' title="bbox 102 2727 1069 2818; baseline -0.009 -25"><span class='ocrx_word' id='word_1_163' title='bbox 102 2727 344 2793; x_wconf 82' lang='lat' dir='ltr'><strong>Atheniensium</strong></span> <span class='ocrx_word' id='word_1_164' title='bbox 358 2729 566 2809; x_wconf 88' lang='lat' dir='ltr'><strong>impotentem</strong></span> <span class='ocrx_word' id='word_1_165' title='bbox 580 2730 826 2794; x_wconf 89' lang='lat' dir='ltr'><strong>dominationem</strong></span> <span class='ocrx_word' id='word_1_166' title='bbox 838 2727 1069 2818; x_wconf 70' lang='lat' dir='ltr'><strong>refringerent,</strong></span> 
     </span>
     <span class='ocr_line' id='line_1_26' title="bbox 103 2803 1071 2893; baseline -0.008 -22"><span class='ocrx_word' id='word_1_167' title='bbox 103 2805 275 2893; x_wconf 70' lang='lat' dir='ltr'><strong>postquam</strong></span> <span class='ocrx_word' id='word_1_168' title='bbox 296 2809 382 2888; x_wconf 89' lang='lat' dir='ltr'><strong>apud</strong></span> <span class='ocrx_word' id='word_1_169' title='bbox 410 2807 520 2888; x_wconf 84' lang='lat' dir='ltr'><strong>Aegos</strong></span> <span class='ocrx_word' id='word_1_170' title='bbox 540 2806 660 2870; x_wconf 87' lang='lat' dir='ltr'><strong>flumen</strong></span> <span class='ocrx_word' id='word_1_171' title='bbox 683 2807 845 2888; x_wconf 85' lang='lat' dir='ltr'><strong>Lysander</strong></span> <span class='ocrx_word' id='word_1_172' title='bbox 870 2807 979 2866; x_wconf 81' lang='lat' dir='ltr'><strong>classis</strong></span> <span class='ocrx_word' id='word_1_173' title='bbox 1010 2803 1071 2865; x_wconf 88' lang='lat' dir='ltr'><strong>ho·</strong></span> 
     </span>
     <span class='ocr_line' id='line_1_27' title="bbox 103 2887 1070 2968; baseline -0.01 -16"><span class='ocrx_word' id='word_1_174' title='bbox 103 2891 199 2952; x_wconf 89' lang='lat' dir='ltr'><strong>stium</strong></span> <span class='ocrx_word' id='word_1_175' title='bbox 215 2899 268 2948; x_wconf 88' lang='lat' dir='ltr'><strong>est</strong></span> <span class='ocrx_word' id='word_1_176' title='bbox 293 2887 427 2967; x_wconf 89' lang='lat' dir='ltr'><strong>potitus,</strong></span> <span class='ocrx_word' id='word_1_177' title='bbox 458 2887 535 2947; x_wconf 88' lang='lat' dir='ltr'><strong>nihil</strong></span> <span class='ocrx_word' id='word_1_178' title='bbox 559 2889 644 2949; x_wconf 91' lang='lat' dir='ltr'><strong>aliud</strong></span> <span class='ocrx_word' id='word_1_179' title='bbox 667 2889 797 2948; x_wconf 90' lang='lat' dir='ltr'><strong>molitus</strong></span> <span class='ocrx_word' id='word_1_180' title='bbox 825 2898 892 2961; x_wconf 88' lang='lat' dir='ltr'><strong>est,</strong></span> <span class='ocrx_word' id='word_1_181' title='bbox 914 2905 1009 2968; x_wconf 87' lang='lat' dir='ltr'><strong>qnam</strong></span> <span class='ocrx_word' id='word_1_182' title='bbox 1032 2894 1070 2943; x_wconf 90' lang='lat' dir='ltr'><strong>ut</strong></span> 
     </span>
     <span class='ocr_line' id='line_1_28' title="bbox 104 2963 1069 3049; baseline -0.009 -17"><span class='ocrx_word' id='word_1_183' title='bbox 104 2989 213 3032; x_wconf 87' lang='lat' dir='ltr'><strong>omnes</strong></span> <span class='ocrx_word' id='word_1_184' title='bbox 229 2966 376 3027; x_wconf 87' lang='lat' dir='ltr'><strong>civitates</strong></span> <span class='ocrx_word' id='word_1_185' title='bbox 396 2966 429 3026; x_wconf 90' lang='lat' dir='ltr'><strong>in</strong></span> <span class='ocrx_word' id='word_1_186' title='bbox 442 2987 498 3027; x_wconf 87' lang='lat' dir='ltr'><strong>sua</strong></span> <span class='ocrx_word' id='word_1_187' title='bbox 517 2979 646 3030; x_wconf 88' lang='lat' dir='ltr'><strong>teneret</strong></span> <span class='ocrx_word' id='word_1_188' title='bbox 660 2978 839 3049; x_wconf 79' lang='lat' dir='ltr'><strong>potestate,</strong></span> <span class='ocrx_word' id='word_1_189' title='bbox 859 2987 959 3048; x_wconf 87' lang='lat' dir='ltr'><strong>quum</strong></span> <span class='ocrx_word' id='word_1_190' title='bbox 978 2963 1012 3024; x_wconf 91' lang='lat' dir='ltr'><strong>id</strong></span> <span class='ocrx_word' id='word_1_191' title='bbox 1032 2981 1069 3023; x_wconf 88' lang='lat' dir='ltr'><strong>se</strong></span> 
     </span>
     <span class='ocr_line' id='line_1_29' title="bbox 103 3040 1111 3126; baseline -0.006 -16"><span class='ocrx_word' id='word_1_192' title='bbox 103 3045 431 3110; x_wconf 87' lang='lat' dir='ltr'><strong>Lacedaemoniorum</strong></span> <span class='ocrx_word' id='word_1_193' title='bbox 455 3065 548 3106; x_wconf 85' lang='lat' dir='ltr'><strong>causa</strong></span> <span class='ocrx_word' id='word_1_194' title='bbox 571 3047 681 3108; x_wconf 86' lang='lat' dir='ltr'><strong>l&#39;aoere</strong></span> <span class='ocrx_word' id='word_1_195' title='bbox 710 3046 883 3106; x_wconf 88' lang='lat' dir='ltr'><strong>simularet.</strong></span> <span class='ocrx_word' id='word_1_196' title='bbox 924 3040 1111 3126; x_wconf 80' lang='lat' dir='ltr'><strong>Namque5</strong></span> 
     </span>
     <span class='ocr_line' id='line_1_30' title="bbox 28 3121 1081 3263; baseline -0.002 -75"><span class='ocrx_word' id='word_1_197' title='bbox 28 3176 31 3188; x_wconf 92' lang='lat'><strong>.</strong></span> <span class='ocrx_word' id='word_1_198' title='bbox 103 3128 256 3210; x_wconf 87' lang='lat' dir='ltr'><strong>undique,</strong></span> <span class='ocrx_word' id='word_1_199' title='bbox 278 3125 335 3263; x_wconf 67' lang='lat' dir='ltr'><strong>pai</strong></span> <span class='ocrx_word' id='word_1_200' title='bbox 346 3125 587 3187; x_wconf 83' lang='lat' dir='ltr'><strong>Atheniensium</strong></span> <span class='ocrx_word' id='word_1_201' title='bbox 606 3127 704 3188; x_wconf 86' lang='lat' dir='ltr'><strong>rebus</strong></span> <span class='ocrx_word' id='word_1_202' title='bbox 720 3125 927 3199; x_wconf 76' lang='lat' dir='ltr'><strong>studuissent,</strong></span> <span class='ocrx_word' id='word_1_203' title='bbox 947 3121 1081 3198; x_wconf 69' lang='lat' dir='ltr'><strong>eiectis,</strong></span> 
     </span>
     <span class='ocr_line' id='line_1_31' title="bbox 105 3203 1072 3299; baseline -0.009 -30"><span class='ocrx_word' id='word_1_204' title='bbox 105 3209 219 3268; x_wconf 88' lang='lat' dir='ltr'><strong>decem</strong></span> <span class='ocrx_word' id='word_1_205' title='bbox 239 3205 280 3266; x_wconf 90' lang='lat' dir='ltr'><strong>de</strong></span> <span class='ocrx_word' id='word_1_206' title='bbox 295 3217 405 3299; x_wconf 76' lang='lat' dir='ltr'><strong>egerat</strong></span> <span class='ocrx_word' id='word_1_207' title='bbox 422 3205 454 3265; x_wconf 92' lang='lat' dir='ltr'><strong>in</strong></span> <span class='ocrx_word' id='word_1_208' title='bbox 474 3225 663 3289; x_wconf 86' lang='lat' dir='ltr'><strong>unaquaque</strong></span> <span class='ocrx_word' id='word_1_209' title='bbox 685 3203 829 3281; x_wconf 86' lang='lat' dir='ltr'><strong>civitate,</strong></span> <span class='ocrx_word' id='word_1_210' title='bbox 851 3203 967 3288; x_wconf 88' lang='lat' dir='ltr'><strong>quihus</strong></span> <span class='ocrx_word' id='word_1_211' title='bbox 986 3223 1072 3261; x_wconf 90' lang='lat' dir='ltr'><strong>sum·</strong></span> 
     </span>
     <span class='ocr_line' id='line_1_32' title="bbox 12 3283 1071 3370; baseline -0.003 -26"><span class='ocrx_word' id='word_1_212' title='bbox 12 3338 14 3344; x_wconf 80' lang='grc'>,</span> <span class='ocrx_word' id='word_1_213' title='bbox 42 3361 43 3366; x_wconf 12' lang='lat'>¹</span> <span class='ocrx_word' id='word_1_214' title='bbox 105 3309 191 3348; x_wconf 89' lang='lat' dir='ltr'><strong>mum</strong></span> <span class='ocrx_word' id='word_1_215' title='bbox 213 3287 384 3366; x_wconf 72' lang='lat' dir='ltr'><strong>imperium</strong></span> <span class='ocrx_word' id='word_1_216' title='bbox 407 3297 667 3370; x_wconf 86' lang='lat' dir='ltr'><strong>potestatemque</strong></span> <span class='ocrx_word' id='word_1_217' title='bbox 691 3283 831 3346; x_wconf 84' lang='lat' dir='ltr'><strong>omniurn</strong></span> <span class='ocrx_word' id='word_1_218' title='bbox 854 3304 964 3345; x_wconf 85' lang='lat' dir='ltr'><strong>rerum</strong></span> <span class='ocrx_word' id='word_1_219' title='bbox 984 3299 1071 3342; x_wconf 88' lang='lat' dir='ltr'><strong>com·</strong></span> 
     </span>
    </p>
   </div>
   <div class='ocr_carea' id='block_1_8' title="bbox 112 3435 302 3454">
    <p class='ocr_par' dir='ltr' id='par_1_9' title="bbox 112 3435 302 3454">
     <span class='ocr_line' id='line_1_33' title="bbox 112 3435 302 3454; baseline -0.021 0"><span class='ocrx_word' id='word_1_220' title='bbox 112 3435 302 3454; x_wconf 45' lang='grc' dir='ltr'><strong>μ</strong></span> 
     </span>
    </p>
   </div>
   <div class='ocr_carea' id='block_1_9' title="bbox 149 3505 665 3580">
    <p class='ocr_par' dir='ltr' id='par_1_10' title="bbox 149 3505 665 3580">
     <span class='ocr_line' id='line_1_34' title="bbox 149 3505 665 3580; baseline 0.004 -20"><span class='ocrx_word' id='word_1_221' title='bbox 149 3513 182 3580; x_wconf 84' lang='lat'><strong>5)</strong></span> <span class='ocrx_word' id='word_1_222' title='bbox 200 3511 279 3578; x_wconf 75' lang='lat' dir='ltr'><strong>vulga</strong></span> <span class='ocrx_word' id='word_1_223' title='bbox 299 3505 330 3560; x_wconf 87' lang='lat' dir='ltr'><strong>id</strong></span> <span class='ocrx_word' id='word_1_224' title='bbox 345 3525 412 3576; x_wconf 64' lang='lat' dir='ltr'><strong>qum·</strong></span> <span class='ocrx_word' id='word_1_225' title='bbox 429 3519 456 3562; x_wconf 86' lang='lat' dir='ltr'><strong>at</strong></span> <span class='ocrx_word' id='word_1_226' title='bbox 474 3511 509 3562; x_wconf 81' lang='lat' dir='ltr'><strong>ci.</strong></span> <span class='ocrx_word' id='word_1_227' title='bbox 526 3510 570 3566; x_wconf 84' lang='lat' dir='ltr'><strong>ed.</strong></span> <span class='ocrx_word' id='word_1_228' title='bbox 588 3510 665 3564; x_wconf 78' lang='lat' dir='ltr'><strong>fleta.</strong></span> 
     </span>
    </p>
   </div>
   <div class='ocr_carea' id='block_1_10' title="bbox 0 0 1266 3872">
    <p class='ocr_par' dir='ltr' id='par_1_11' title="bbox 0 0 1266 3872">
     <span class='ocr_line' id='line_1_35' title="bbox 0 0 1266 3872; baseline 0 0"><span class='ocrx_word' id='word_1_229' title='bbox 0 0 1266 3872; x_wconf 95' lang='lat' dir='ltr'><strong> </strong></span> 
     </span>
    </p>
   </div>
  </div>
 </body>
</html>
