2564 3872
212 414 269 487 idi
469 411 586 475 xxv.
614 429 759 472 urricus.
775 425 834 479 or.
855 430 904 472 ue.

210 572 377 653 prorupit,
408 583 616 634 ut=extremo
649 582 796 644 tempore
823 590 883 650 per
907 568 1031 640 lumbos
1063 570 1170 632 fistule

172 651 316 798 appuis
339 651 484 731 eruperit
506 650 545 729 ¹),
566 651 673 732 Atque
695 649 725 728 ²)
750 649 812 710 hoc
832 649 1015 731 priusquam
1037 651 1067 710 ei
1083 651 1170 716 ,acci-

256 742 323 807 ret,
346 741 516 812 postquam
538 729 570 790 in
589 730 656 792 dies
680 728 811 790 dolores
835 748 1022 790 accrescere
1042 728 1169 790 febres-

211 829 277 892 que
309 809 476 870 accessisse
513 809 628 885 sensit,
666 807 842 888 Agrippam
873 829 1027 888 generum
1061 809 1100 868 ad
1132 829 1167 870 se

210 887 329 949 arcessi
354 889 384 968 3)
408 889 515 964 iussit,
545 900 578 950 et
606 909 679 950 cum
702 906 742 948 eo
766 887 803 946 L.
821 887 1007 950 'Cornelium
1030 887 1168 948 Balbum

166 967 404 1052 dsextumque
436 969 649 1031 Peducaeum.
687 969 756 1026 Hos
787 978 824 1026 ut
854 967 976 1027 venisse
1007 965 1102 1042 vidit,
1136 968 1169 1028 iu

206 1046 351 1114 cubitum
384 1048 533 1110 innixus:
565 1058 730 1142 quantam,
761 1045 878 1126 inquit,
903 1065 1011 1110 curam
1033 1045 1167 1126 diligen-

206 1126 343 1208 tiamque
376 1127 408 1188 in
443 1127 622 1190 valetudine
656 1146 727 1188 mea
766 1123 883 1188 tuenda
920 1123 982 1185 hoc
1018 1138 1168 1205 tempore
1217 1137 1220 1146 ’

206 1204 420 1283 adhibuerim,
444 1227 543 1288 quum
564 1225 622 1267 vos
641 1217 739 1265 testes
759 1205 911 1278 habeam,
935 1203 1012 1263 nihil
1033 1224 1167 1266 necesse

206 1295 255 1346 est
274 1283 420 1364 pluribus
440 1285 548 1347 verbis
568 1305 829 1347 commemorare.
861 1282 989 1424 ssuibus
1006 1284 1166 1366 quoniam,

205 1374 242 1426 ut
263 1383 377 1443 spero,
398 1362 553 1437 satisfeci,
573 1385 624 1424 me
641 1363 717 1424 nihil
735 1363 851 1445 reliqui
880 1363 998 1437 coisse,
1020 1363 1107 1444 quod
1125 1364 1166 1424 ad

205 1441 377 1510 sanandum
400 1463 452 1504 me
475 1444 670 1523 pertineret,
694 1443 853 1525 reliquum
876 1455 942 1516 eol,
974 1453 1008 1500 ut
1035 1454 1167 1522 egomet

110 1567 112 1572 .
164 1515 280 1582 omihi
303 1523 475 1582 consulem.
515 1521 551 1582 ld
580 1543 637 1582 vos
666 1521 814 1600 ignorare
842 1522 940 1582 nolui.
980 1523 1058 1580 Nam
1087 1519 1166 1582 mihi

204 1612 283 1672 atat,
304 1601 391 1662 alere
412 1600 559 1668 morbum
588 1600 744 1662 desinere.
787 1605 931 1683 Namque
959 1597 1007 1660 his
1031 1598 1166 1677 diebus,

204 1679 362 1764 quidquid
381 1678 445 1742 'cibi
466 1680 669 1774 potionisque
692 1677 722 1759 l⁸)
748 1680 861 1756 sumei,
889 1681 931 1740 ita
954 1677 1096 1760 ¹produxi
1117 1680 1180 1740 ri-v

203 1769 283 1827 tam,
305 1770 342 1822 ut
365 1780 507 1822 auxerim
531 1760 661 1822 dolores
682 1758 749 1821 sine
774 1780 832 1840 spe
851 1758 983 1838 salutis„
1013 1757 1122 1846 Quare
1145 1781 1163 1820 a

202 1837 295 1899 robis
319 1852 394 1918 peto
449 1839 580 1910 rimum,
608 1850 645 1904 ut
671 1839 838 1908 consilium
864 1835 1010 1920 probetis
1038 1857 1163 1898 meum:

202 1913 335 1988 deinde,
357 1941 398 1980 ne
420 1861 541 1980 diurna
564 1917 762 1978 dehortando
785 1917 950 1980 conemini.

282 1998 380 2061 xxll.
404 2001 472 2058 Hac
489 1998 633 2060 oratioue
650 1995 756 2058 habita
771 2007 856 2057 tanta
876 1997 1050 2064 constantia
1071 1997 1161 2058 vocis

200 2086 296 2156 atque
323 2079 446 2153 vultus,
471 2090 508 2138 ut
532 2099 596 2142 non
623 2097 662 2143 cx
681 2076 761 2152 vita,
784 2077 842 2136 sed
864 2095 903 2135 ex
927 2075 1022 2138 domo
1047 2077 1079 2136 in
1103 2076 1160 2136 do-

200 2174 287 2220 mum
302 2155 468 2222 videretur
488 2157 636 2239 migrare,
660 2177 758 2238 quum
779 2155 907 2236 quidem
922 2155 1063 2238 Agrippa
1086 2176 1160 2232 eum

160 2228 279 2292 oileus
301 2245 350 2293 ιι4
379 2255 397 2294 e
418 2235 563 2296 osculans
589 2245 812 2316 orarentque
834 2233 1036 2308 obsecraret,
1057 2256 1097 2295 ne
1119 2237 1160 2296 sd

198 2309 250 2383 id,
274 2331 339 2391 quo
391 2312 420 2391 ⁵)
444 2323 556 2374 natura
576 2325 726 2394 cogeret,
747 2313 815 2392 ipse
834 2333 965 2402 ¹quoque
987 2314 1047 2374 sibi
1068 2334 1157 2390 acce-

197 2387 333 2460 leraret,
355 2401 401 2464 et,
431 2391 580 2473 quoniam
600 2403 667 2452 tum
686 2411 814 2474 quoque
829 2403 938 2472 posset
959 2393 1156 2473 temporibus

196 2486 382 2546 superesse,
406 2489 441 2530 se
468 2469 531 2528 sibi
557 2469 686 2551 suisque
717 2482 919 2542 reservaret,
948 2491 1061 2554 preces
1086 2473 1155 2532 eius

156 2543 353 2610 eueiturna
381 2568 438 2612 sua
467 2548 689 2618 obstinatione.
706 2549 863 2632 depressit
891 2547 932 2628 θ),
974 2549 1027 2613 Sic
1058 2573 1155 2634 quum

194 2707 360 2735 -πιιμ-

249 2811 275 2880 ι)
294 2813 356 2864 cod.
378 2810 495 2880 Guelph.
505 2811 623 2880 fistulae
639 2812 719 2880 puris
734 2813 892 2880 eruperint,
917 2831 986 2880 qrrae
1003 2815 1095 2865 nescio
1118 2831 1153 2865 an

195 2894 257 2928 veru
274 2883 309 2931 sit
326 2883 419 2932 lectio.
439 2893 478 2921 '-
511 2879 611 2936 Daehu.
638 2889 664 2934 ,et
686 2881 755 2929 Tilz.
783 2897 797 2930 e
821 2889 883 2930 velt.
912 2881 974 2931 edd.
997 2881 1153 2936 edideram:

193 2945 305 3012 fistulae
322 2961 417 3012 putres
431 2967 480 2998 eru
500 2947 582 3017 err'nlf
601 2974 633 2984 -
652 2945 680 3012 π)
692 2956 760 3014 post
776 2949 933 3013 paniculum
953 2953 1041 3017 Atque
1059 2959 1153 3000 conlr'a

194 3013 276 3064 codd.
298 3013 379 3065 fidem
404 3019 436 3067 al.
450 2967 575 3072 addunt:
599 3023 681 3070 alateo
700 3011 806 3082 qscidcm
828 3013 919 3066 morli
939 3013 1152 3066 diutarm'tatem

194 3081 304 3132 moleste
315 3081 445 3149 sinebam
467 3099 536 3150 quae
558 3082 666 3148 quidem
695 3081 824 3132 vocabula
843 3082 944 3131 Giinlh.
964 3085 1151 3149 omisitulque

194 3149 275 3200 eliam
294 3165 362 3216 quae
379 3159 540 3216 sequuntur:
559 3149 611 3200 hoe
625 3149 791 3217 prinsquam
807 3151 832 3198 ei
848 3148 989 3199 (terruerat.
1008 3179 1039 3190 -·
1070 3151 1096 3217 3)
1116 3152 1151 3200 ul.

194 3217 304 3268 accersi
321 3232 336 3266 e
356 3216 438 3270 codd.
454 3216 570 3284 Guelplr.
590 3216 645 3266 Gif.
668 3216 745 3266 Voss.
765 3217 797 3266 G.
812 3217 904 3268 Mend.
924 3217 976 3269 vid.
996 3218 1098 3268 caela.
1118 3246 1151 3257 -

194 3280 223 3400 g)
240 3283 417 3400 plotiopu's'que
436 3283 511 3400 abpst
529 3283 619 3335 aeod.
631 3282 748 3351 Guelplr.
768 3292 794 3335 el
810 3283 873 3351 qdd.
891 3293 954 3334 vett.
971 3283 1050 3347 edd,
1069 3285 1149 3336 Bard.

217 3367 249 3400 ae
269 3367 296 3403 ιι.
313 3366 359 3400 ruc
372 3365 490 3400 userun.

241 3416 270 3484 5)
295 3419 331 3468 ila
349 3415 467 3482 Guelph.
489 3417 566 3467 Voss.
587 3417 617 3467 C.
636 3415 712 3468 Leid.
736 3416 815 3484 vulgo
838 3415 937 3478 adid,
955 3414 1097 3485 adqucd.
1116 3445 1149 3458 —

193 3483 222 3536 ol
239 3484 331 3536 camb.
354 3484 533 3551 compressit,
556 3484 590 3536 cl.
609 3485 694 3536 Brem.
744 3511 749 3518 ι

210 3537 219 3551 ·Ι
