2564 3872
391 409 505 475 XXV.
530 428 675 472 irrisus.
702 411 841 474 13-215.
1051 421 1107 506 ¹40

149 585 211 628 noa
232 562 447 643 affluentiam,
470 565 649 630 affectabat.
690 569 845 652 Supellcx„
874 567 1016 640 modica,
1042 589 1106 632 non

148 644 262 721 multa,
292 657 329 706 ut
348 644 380 705 in
398 659 689 728 neutrampartem
713 649 855 730 conspici
879 659 999 730 posset.
1038 649 1106 710 Nec

147 724 331 805 praeteribo
356 723 406 802 ³),
435 745 627 806 quamquam
653 729 809 788 nonnullis
838 729 914 790 leve
939 726 1043 789 visum
1067 727 1146 790 irio

147 816 274 884 putem:
298 823 397 883 quum
417 802 559 944 inprimis
581 805 683 865 lautus
704 819 791 870 assat
813 828 912 892 eques
934 807 1105 885 Romanus,

148 895 182 944 et
206 902 269 942 non
295 901 409 962 parum
432 881 454 940 ls
472 881 607 959 eraliter
631 883 761 946 domum
781 903 870 945 suam
890 885 1028 957 omnium
1052 905 1106 948 ore

148 962 257 1022 <linum
279 959 423 1024 homines
450 960 620 1038 invitaret,
651 963 767 1026 scimus
789 961 838 1042 l),
866 985 929 1025 non
956 965 1107 1046 amplias,

148 1061 242 1124 qnam
263 1051 354 1100 terna
372 1039 468 1100 millia
492 1041 591 1120 aeris,
617 1062 782 1124 peraeque
802 1043 835 1102 in
858 1042 997 1123 singulos
1020 1063 1107 1106 men«.

147 1141 216 1196 ses,
238 1139 277 1180 ex
297 1117 503 1200 ephemeride
524 1141 597 1181 eum
617 1141 793 1202 expensum
810 1121 928 1183 summi
946 1119 1038 1184 ferra
1056 1143 1107 1184 so·

147 1201 248 1262 litum.
289 1199 331 1259 At
355 1219 395 1258 ue
416 1197 479 1260 hcc
499 1220 563 1260 non
584 1199 736 1280 auditum,
758 1201 816 1261 ssd
837 1201 998 1282 cognitum
1035 1221 1146 1286 isac-7

148 1280 304 1340 dicamus·
332 1221 443 1358 laepe
472 1279 555 1346 enim
575 1293 712 1370 propter
731 1279 977 1352 familiaritatem
1010 1299 1106 1354 ons&

150 1358 235 1420 sticis
257 1355 355 1418 rebus
374 1355 587 1420 interfuimus.

228 1437 316 1498 XlV.
347 1439 448 1498 Nemo
468 1436 501 1499 in
522 1438 669 1504 convivio
691 1433 759 1500 eius‘
780 1439 865 1501 aliam
887 1457 1033 1508 acroama
1052 1459 1107 1505 aa·
1131 1465 1143 1507 ι

149 1517 244 1592 divit,
286 1537 357 1575 umn
373 1528 581 1595 anagnostes:
604 1517 691 1602 quod
705 1539 762 1580 nos
779 1518 908 1601 quidem
919 1515 1108 1586 iucundissi.

149 1618 235 1658 mum
250 1539 449 1678 albitramur.
469 1597 581 1677 Neque
602 1618 753 1682 umquam
767 1601 834 1660 sine
848 1599 953 1680 aliqua
968 1597 1106 1666 lectione

149 1675 233 1754 apud
253 1694 327 1734 eum
347 1683 516 1742 coenatum
534 1684 599 1746 est,
622 1686 658 1737 ut
678 1697 741 1740 non
755 1679 856 1737 minus
871 1677 993 1754 amima²
1011 1697 1107 1758 quam

150 1765 262 1816 ventre
285 1752 437 1816 convivae
458 1750 705 1814 delectarentur.
725 1755 869 1836 Namque
890 1775 948 1823 eos
959 1755 1106 1832 uocabat·
1127 1771 1146 1815 s

149 1853 288 1916 quorum
310 1849 418 1896 mores
441 1850 459 1892 a
480 1830 543 1891 suis
563 1849 626 1890 non
647 1830 869 1896 abhorrerent.
894 1833 1002 1919 Quum
1021 1841 1108 1894 tanta

148 1910 303 1994 pecuniae
331 1907 416 1970 facta
445 1920 529 1972 esset
557 1909 712 1982 accessio,
748 1911 825 1970 nihil
856 1911 897 1974 de
922 1910 1107 1994 quotidiano

151 1991 242 2052 cultu
261 1987 409 2062 mutavit,
428 1987 506 2047 nihil
527 1988 568 2048 de
592 1989 674 2050 vitae
693 1989 938 2066 consuetudine:
958 2000 1107 2070 tantaque

149 2089 224 2131 usus
245 2080 295 2130 est
316 2065 550 2140 moderatione,
576 2079 613 2128 ut
637 2088 743 2150 neque
766 2068 798 2131 in
821 2069 971 2142 sestertio
992 2067 1108 2146 nicias,

149 2147 275 2231 quoda
299 2158 391 2228 patre
411 2157 597 2227 acceperat,
620 2168 734 2229 parum
755 2167 789 2208 se
814 2145 980 2228 splendide
1001 2165 1107 2227 gesse·
1133 2189 1136 2192 -
1162 2175 1167 2192 ι

149 2229 209 2304 rit,
242 2231 348 2311 neque
375 2227 406 2293 in
435 2225 582 2286 sestertio
612 2227 731 2288 centies
763 2225 945 2288 affluentius
974 2225 1108 2302 vixerit,

150 2328 243 2404 quarn
264 2306 457 2381 instituerat,
479 2307 614 2386 parique
634 2304 762 2388 fastigio
781 2306 909 2368 steterit
925 2305 957 2365 in
970 2317 1108 2388 utraque

150 2389 289 2448 lortuna.
330 2386 441 2452 Nullos
464 2383 576 2446 babuit
597 2386 726 2461 hortos,
756 2386 873 2448 nullam
895 2383 1108 2446 suburbanam
1126 2382 1146 2444 3

151 2478 205 2527 aut
232 2463 420 2526 maritimam
444 2477 639 2528 sumtuosam
663 2467 788 2540 villam,
816 2484 922 2547 nequa
949 2463 981 2525 in
1003 2461 1109 2537 Italia¹

173 2555 279 2604 raeter
299 2541 505 2603 Arsloatinunr
526 2555 560 2602 et
574 2545 821 2618 Nomentanum,
840 2543 995 2610 rusticum
1015 2559 1110 2620 prae·

150 2567 255 2684 Hiems
289 2619 455 2700 omnisque
483 2620 551 2679 eius
575 2622 730 2700 pecuniae
750 2621 872 2680 reditus
893 2618 1057 2680 constabat
1077 2617 1109 2678 in
1135 2671 1137 2680 .

85 2737 88 2746 Α
149 2697 321 2782 Epiroticis
340 2709 372 2757 ct
387 2696 514 2760 urbanis
530 2699 794 2778 possessionibus.
816 2699 867 2758 Ex
880 2714 945 2789 quo
959 2696 1111 2776 cognosci

150 2790 277 2862 potest,
310 2797 402 2839 usum
424 2795 497 2836 eum
518 2777 673 2856 pecuniae
700 2798 763 2842 non
791 2773 1025 2858 magnitudine,
1051 2774 1110 2836 ssd

150 2859 274 2921 ratione
295 2855 400 2915 metiri
424 2855 561 2918 solitum.
616 2886 625 2902 .
857 2867 859 2872 ’

57 3001 58 3004 ,
230 2935 300 3000 XV.
321 2934 519 2996 Mendacium
538 2955 644 3030 nsque
666 2935 809 3011 dicebat,
836 2951 942 3016 noque
964 2930 1029 3013 pati
1050 2949 1108 3012 po.-
1133 2956 1146 2994 ι

151 3028 243 3076 terat.
288 3015 399 3094 ltaque
424 3013 492 3073 eius
516 3027 645 3075 comitas
664 3035 728 3074 non
747 3015 813 3074 sine
836 3013 1005 3077 severitate
1018 3021 1109 3088 erat,

83 3129 86 3134 ν
151 3115 257 3178 nequa
278 3093 415 3177 gravitas
436 3092 502 3155 sinc
522 3091 684 3174 facilitate,
705 3105 741 3156 ut
762 3091 892 3157 difficile
912 3099 998 3154 asset
1016 3083 1108 3156 latal-

210 3333 237 3400 s)
266 3335 304 3383 aa
327 3331 389 3384 coa.
408 3330 485 3382 voa.
511 3330 541 3380 c.
559 3341 587 3383 a
605 3331 670 3398 qm.
694 3329 836 3383 samaa.
862 3355 896 3370 -
928 3331 963 3380 a.
984 3295 1040 3379 aa
1057 3289 1110 3378 aaa

151 3400 374 3518 p‘rgazrt'lkrssrlj-
401 3397 428 3466 4)
448 3399 486 3451 tta
504 3415 596 3453 omnes
608 3398 694 3466 codd.
721 3425 753 3438 -
772 3401 807 3450 sl.
829 3399 978 3450 omiserunt
996 3396 1105 3457 ariana,
