2524 3872
179 367 218 440 64
370 427 374 432 Α
500 450 502 454 Ι
528 363 565 422 X.
594 383 686 424 oron.
711 363 800 427 b-8.

182 537 250 586 erat
268 524 377 598 classi,
397 543 496 605 quum
511 523 596 584 Dion
614 523 788 584 exercitum
803 520 989 604 pedestrem
1005 537 1147 590 teneret.

140 609 252 676 eron
273 604 346 664 tulit
368 603 431 662 hoc
453 603 555 664 animo
580 617 683 684 aequo
707 602 811 677 Dion,
839 613 872 662 et
895 617 1025 666 tersum
1057 607 1149 668 illurn

179 684 315 744 Homeri
343 681 454 742 retulit
476 703 515 741 ex
538 683 676 742 secunda
707 681 894 762 rhapsodia,
919 683 951 742 in
972 705 1038 766 quo
1062 685 1147 748 baec

181 763 335 824 sententia
357 773 420 821 ests
448 763 513 820 Nou
531 783 616 839 posse
636 761 705 821 bene
723 768 790 836 gart
809 761 1018 840 rempublicam
1037 768 1148 825 multo-

180 865 244 902 rum
265 843 403 920 imperiis.
438 839 536 926 Quod
560 839 680 900 dictum
699 859 812 921 magna
833 839 951 900 invidia
971 857 1150 906 consecuta·

183 931 241 980 est.
281 923 425 1001 Namque
445 919 607 1000 aperuisse
629 915 809 994 videbatur,
828 919 933 979 omnia
953 921 987 980 in
1009 942 1066 981 sua
1086 943 1147 1005 po-

139 1000 160 1061 5
181 1010 295 1059 testate
313 1019 382 1058 esse
398 993 492 1060 velle.
518 993 608 1058 Hanc
626 993 680 1058 ille
696 1019 759 1058 non
772 998 874 1058 le'nire
891 998 1065 1082 obsequio,
1087 1003 1146 1064 sed

180 1077 351 1138 acerbitate
366 1078 552 1158 opprimere
567 1076 706 1153 studuit,
727 1077 1017 1162 Heraclidemque,
1044 1103 1146 1166 quum
1203 1077 1205 1085 ⁴

180 1155 347 1236 Syracusas
369 1157 523 1229 venisset,
546 1153 802 1216 interficiendum
822 1158 954 1234 curavit.
1097 1231 1099 1237 y

259 1237 326 1300 Vll.
358 1234 457 1320 Quod
490 1234 611 1294 factum
639 1235 782 1296 omnibus
803 1235 972 1296 maximum
992 1237 1143 1300 timorem

178 1315 294 1376 iniecit.
335 1316 436 1374 Nemo
459 1315 559 1389 enim,
578 1314 635 1376 illo
656 1314 846 1391 interfecto,
867 1336 902 1375 se
924 1327 1028 1378 tutum
1048 1331 1143 1398 puta-

178 1395 242 1455 bat.
265 1395 322 1454 llle
343 1403 466 1468 eutem,
488 1393 672 1455 adversario
694 1406 839 1470 remoto,
859 1395 1003 1464 licentius
1026 1417 1143 1457 eorum

178 1473 279 1550 bona,
296 1493 384 1556 quos-
392 1472 510 1534 sciebat
526 1472 678 1534 adversus
693 1494 728 1534 se
744 1475 895 1549 sensisse,
910 1475 1061 1536 militibus
1078 1475 1143 1536 dis-

140 1571 158 1612 1
180 1554 320 1634 partivit.
346 1551 470 1642 Quibus
489 1551 615 1628 divisis,
637 1575 736 1636 quum
797 1552 926 1614 otidieni
946 1554 1072 1614 maximi
1085 1552 1142 1616 fie-

178 1644 251 1692 rent
265 1644 396 1705 sumtus,
419 1631 569 1692 celeriter
589 1631 724 1713 peeunia
768 1651 860 1692 eesse
877 1633 1001 1714 coepit3
1022 1653 1140 1716 neque,

179 1733 244 1794 quo
262 1731 369 1772 manus
385 1711 589 1792 porrigeret,
610 1733 669 1792 sup
694 1712 818 1787 etcbat,
838 1711 897 1770 nisi
912 1711 943 1773 in
962 1712 1140 1772 amicorum
1171 1757 1176 1764 -

177 1791 404 1872 possessiones.
446 1791 482 1850 ld
509 1790 656 1851 huiusmo
679 1792 690 1850 i
714 1803 800 1867 erat,
823 1803 875 1866 ut,
899 1811 998 1872 quum
1021 1793 1137 1852 milites

137 1873 156 1936 3
178 1870 434 1944 reconciliasset,
457 1870 619 1930 amitteret
639 1872 818 1952 optimates.
862 1870 1006 1960 Quarum
1026 1891 1138 1932 rerum

179 1970 255 2010 cura
267 1949 488 2030 frangebatur,
503 1961 535 2008 et
549 1949 691 2010 insuetus
703 1951 785 2010 male
799 1949 947 2008 audiendi
960 1971 1022 2010 non
1033 1971 1137 2032 aequo

177 2029 279 2090 animo
296 2027 439 2101 serebat,
460 2027 500 2086 de
522 2047 556 2088 se
575 2027 613 2086 ab
629 2029 666 2088 iis
687 2029 769 2089 male
784 2027 975 2104 existimari,
997 2049 1137 2112 quorum

176 2108 285 2186 paullo
301 2119 372 2166 ante
389 2105 420 2164 iu
439 2106 566 2164 coelum
582 2106 689 2169 fuerat
708 2109 809 2169 elatus
830 2107 986 2170 laudibus.
1014 2109 1137 2200 Vulgus

177 2194 299 2260 autem,
325 2185 449 2244 offensa
475 2183 507 2242 iu
528 2205 601 2244 eum
629 2188 763 2247 militum
791 2187 971 2264 voluntate,
1002 2188 1136 2248 libertus

176 2264 389 2346 loquebatur,
411 2276 444 2324 et
463 2273 627 2340 tyrannum
648 2266 902 2328 eonferendum
923 2266 1095 2326 dictitabat.-

255 2343 338 2405 V111.
369 2344 458 2402 Haec
481 2343 534 2403 ille
558 2344 703 2421 intuens,
728 2365 843 2427 quum,
865 2345 1136 2426 quemadmodum

176 2422 323 2494 sedaret,
344 2421 500 2498 nesciret,
524 2435 571 2498 et,
598 2443 751 2506 quorsum
773 2424 964 2500 evaderent,
985 2425 1134 2487 timeret:

177 2501 360 2561 Callicrates
383 2501 527 2581 quidam,
546 2503 623 2562 civis
639 2501 855 2578 Atheniensis,
876 2503 931 2584 qui
947 2502 1135 2564 simul‘cum

178 2598 217 2639 eo
246 2599 285 2639 ex
310 2579 533 2660 Peloponneso
564 2580 596 2638 in
626 2581 764 2640 Siciliam
799 2593 946 2658 venerat,
974 2583 1070 2642 homo
1100 2587 1134 2642 et

128 2695 129 2699 =
177 2658 308 2718 callidus
328 2670 360 2718 et
381 2659 419 2718 ad
440 2657 587 2718 fraudem
607 2671 733 2736 acutus,
755 2660 822 2720 sine
842 2660 907 2719 ulla
922 2661 1078 2742 religione
1095 2681 1132 2720 ac

135 2756 153 2798 a
170 2735 251 2813 lide,
272 2739 336 2798 adit
352 2739 391 2797 ad
407 2738 560 2811 Dionem,
581 2749 613 2796 et
630 2739 688 2798 ait:
710 2760 782 2800 eum
797 2739 857 2832 [in]
871 2738 901 2818 ²)
916 2759 1030 2833 magno
1046 2739 1133 2820 peri-

174 2817 246 2879 culo
269 2837 339 2878 esse
360 2830 496 2898 propter
516 2815 726 2878 offensionem
746 2820 859 2900 populs
880 2829 913 2879 et
929 2820 1037 2880 odram
1051 2817 1132 2878 mili·

172 2907 257 2973 tum,
274 2897 362 2980 quod
378 2897 464 2956 nullo
479 2894 575 2972 modo
590 2897 710 2958 evitare
721 2911 853 2990 posset,
872 2899 931 2957 nisi
946 2898 1042 2958 alicui
1057 2918 1132 2958 suo·

171 2997 243 3035 rum
264 2977 427 3070 negotium
446 2975 553 3048 daret,
579 2976 632 3057 qui
654 2996 689 3038 se
710 2979 874 3038 srmularet
894 2977 940 3036 illi
960 2977 1130 3036 inimicum.

172 3055 278 3142 Quem
299 3078 326 3115 ει
345 3054 517 3117 invenisset
536 3051 704 3134 idoneum,
731 3056 827 3118 facile
850 3056 988 3116 omnium
1010 3055 1129 3114 animos

172 3135 392 3217 cogniturum,
421 3131 684 3218 adversariosque
714 3136 931 3214 sublaturum,
958 3133 1046 3218 quod
1072 3134 1129 3194 ine

179 3279 375 3298 u-——a--b-nfl

218 3357 245 3424 a)
274 3355 305 3406 in
332 3356 407 3406 deest
436 3357 463 3407 tn
487 3359 566 3411 codd.
590 3350 680 3410 Boec't.
702 3359 781 3412 voss.
804 3361 836 3413 A.
855 3360 908 3428 at,
934 3364 1038 3413 mutato
1062 3357 1127 3410 loco

164 3423 276 3495 ponitur
292 3422 319 3476 in
338 3423 454 3492 Guclph.
469 3447 503 3465 aa
698 3435 701 3439 ·
970 3451 974 3458 »
1106 3455 1108 3464 ,
