2564 3872
396 437 506 499 xxm.
532 396 716 502 arusinis.
743 463 786 501 ιι.
813 459 858 501 ra.
1062 445 1116 508 res

33 599 38 616 '
126 617 128 623 ’
155 607 236 661 risve
257 593 417 658 declarata
437 593 519 674 s'uis,
539 589 675 678 eodem,
692 599 777 662 unde
795 589 881 662 'ierat
903 595 946 680 ⁹),
969 620 1003 662 se
1025 621 1116 664 reee-

154 678 212 760 pit.
236 677 280 738 At
299 679 461 737 Eumenes
500 677 604 739 soluta
618 679 771 758 epistola,
791 680 868 740 nihil
882 681 915 752 in
927 698 966 740 ea
982 681 1114 762 reperit,
1134 681 1154 743 3

153 757 214 818 nisi
234 756 324 840 quod
344 756 384 816 ad
403 720 599 815 irritiendum
621 776 693 818 eum
708 759 895 837 pertineret.
937 759 1033 820 Cuius
1054 761 1115 820 etsi

154 856 281 898 causam
313 833 505 912 mirabatur,
534 853 641 916 neque
674 838 898 916 reperiebatur
930 837 976 917 ¹),
1007 849 1114 900 tamen

153 915 315 1010 proelium
339 913 444 975 atatim
471 913 671 974 committere
694 935 758 974 non
785 915 947 979 dubitavit.
988 920 1155 991 Horuma

109 1020 116 1034 ·
153 1015 186 1054 m
213 1013 372 1055 concursu
402 990 529 1072 Bithyni
556 993 739 1060 Hannibalis
767 1007 943 1076 praecepto
975 997 1116 1059 universi

153 1093 267 1136 navem
289 1073 440 1134 Eumenis
462 1070 660 1133 adoriuntur.
690 1074 836 1153 Quorum
858 1073 923 1134 vim
943 1095 1003 1146 rex
1016 1095 1115 1158 quum

154 1153 312 1215 sustinere
327 1173 390 1214 non
411 1163 537 1232 posset,
558 1149 635 1246 fuga
650 1153 784 1213 salutem
796 1152 905 1234 petiit:
926 1174 1024 1237 quam
1036 1163 1114 1217 cou-

154 1243 281 1294 secutus
301 1251 365 1292 non
394 1241 498 1308 esset,
523 1230 584 1290 nisi
605 1245 687 1291 rutra
708 1251 765 1292 sua
787 1231 1002 1312 praecidisse
1024 1253 1114 1294 rece·

154 1311 271 1394 pisset,
292 1329 375 1393 quae
395 1309 427 1368 in
447 1309 595 1391 proximo
615 1309 710 1372 litore
730 1321 822 1372 erant
842 1311 1005 1373 collocata.
1026 1313 1113 1373 Reli·
1133 1309 1154 1371 5

154 1410 237 1475 quae
251 1391 470 1471 Pergamenae
483 1408 582 1452 naves
602 1411 700 1473 quum
714 1390 913 1453 adversarios
927 1402 1114 1485 premerent

153 1469 277 1542 acrius,
298 1478 432 1548 repente
455 1469 487 1528 in
507 1487 560 1529 eas
578 1488 651 1530 vasa
671 1469 800 1547 fictilia,
823 1468 865 1530 de
889 1469 1004 1553 quibus
1018 1488 1115 1550 supra

152 1548 346 1610 mentionem
365 1545 517 1622 fecimus,
539 1547 652 1608 coniiei
666 1560 785 1629 coepta
805 1559 887 1611 sunt.
919 1549 1012 1632 Quae
1032 1547 1114 1609 iacta

151 1626 243 1687 initio
263 1627 361 1686 risum
381 1623 595 1706 pugnantibus
622 1627 837 1703 concitarunt,
860 1639 983 1711 neque,
1012 1645 1114 1710 quare

152 1705 186 1765 id
205 1703 318 1780 fieret,
337 1713 468 1784 poterat
496 1702 640 1784 intelligi
679 1705 855 1786 Postquam
883 1718 988 1766 autem
1015 1701 1154 1768 naves-6

154 1784 329 1864 completas
351 1791 587 1874 conspexerunt
601 1781 813 1862 serpentibus,
832 1802 972 1846 novare
986 1795 1113 1919 perter·
1178 1783 1182 1788 ’

156 1863 232 1937 riti,
247 1881 357 1944 quum,
380 1860 458 1943 quid
478 1859 680 1940 potissimum
698 1861 851 1936 vitarent,
872 1881 936 1922 non
954 1861 999 1922 ui*
1012 1873 1115 1940 erent,

152 1959 278 2026 puppes
303 1949 505 2014 everterunt,
530 1957 630 2020 seque
655 1937 695 1998 ad
716 1957 772 1999 sua
793 1951 894 1999 castra
917 1938 1046 2012 nautica
1062 1959 1115 1998 ro·
1214 1957 1221 1964 ·

152 2021 305 2082 tulerunt.
334 2015 387 2078 Sic
402 2015 558 2077 Hannibal
580 2016 712 2079 consilio
734 2037 819 2076 arma
838 2018 1112 2100 Pergamenorum
1131 2039 1152 2100 7

153 2097 337 2180 superavit:
361 2116 465 2180 neque
485 2107 553 2156 tum
577 2096 697 2173 solum,
719 2095 777 2156 sed
797 2115 899 2178 saepe
916 2096 990 2156 alias
1013 2095 1113 2176 pede·

153 2178 272 2240 stribus
294 2176 397 2258 copiis
417 2175 487 2258 pari
507 2174 677 2256 prudentia
695 2175 821 2258 pepulit
838 2175 1047 2242 adversarios.

231 2257 298 2316 ΧΠ.
335 2259 426 2333 Quae
453 2255 529 2315 (lum
550 2254 581 2314 in
602 2253 676 2314 Asia
718 2265 867 2332 eruatur,
888 2253 1003 2316 accidit
1026 2273 1112 2330 casu,
1136 2275 1149 2313 1

152 2349 188 2397 ut
210 2336 308 2418 legati
328 2335 462 2398 Prusiae
482 2337 611 2394 Romae
625 2275 716 2414 apati
729 2337 766 2394 L.
781 2333 949 2427 Qrtintium
963 2332 1114 2394 Flamini.

150 2437 245 2491 num,
273 2415 492 2490 consularem,
517 2423 705 2490 coenarent,
729 2425 825 2502 atque
844 2412 909 2490 ibi,
931 2413 975 2474 de
994 2411 1113 2476 Hanni,

151 2493 224 2554 bale
251 2492 411 2552 mentione
439 2491 542 2568 faeta,
570 2511 610 2551 ex
637 2491 686 2550 his
709 2513 790 2552 unus
811 2492 954 2566 diceret,
984 2510 1060 2551 eum
1079 2488 1112 2548 in

151 2569 284 2632 Prusiae
308 2588 411 2660 regno
431 2588 509 2646 esse.
550 2569 586 2626 Id
613 2581 747 2648 postero
775 2571 827 2630 die
848 2571 1041 2630 Flamininus
1063 2584 1152 2628 sea

151 2649 240 2710 natui
257 2646 381 2707 detulu.
402 2647 516 2706 Patres
531 2645 722 2726 conscripti,
740 2648 794 2729 qui
803 2685 811 2718 ,
834 2648 1009 2708 Hannibale
1024 2647 1111 2723 vito,

151 2745 325 2810 numquam
357 2743 391 2784 se
418 2723 487 2782 sine
519 2721 638 2782 insidiis
665 2722 794 2784 futuros
824 2725 1041 2784 existimarent
1068 2723 1113 2804 ²),

151 2805 274 2888 legatos
294 2803 327 2863 iu
356 2801 535 2880 Bithyniam
564 2799 735 2877 miserunt,
765 2802 798 2862 in
820 2801 869 2862 his
890 2801 1110 2880 Flamininum,

153 2885 210 2968 qui
231 2883 270 2944 ab
289 2901 368 2976 rege
389 2889 555 2960 peterent,
576 2897 619 2939 ne
637 2879 883 2941 inimicissimum
898 2899 989 2939 suum
1004 2899 1113 2940 seeum

151 2963 304 3038 haberet,
324 2960 385 3020 sibi
428 2956 615 3019 adederat.
648 2959 711 3018 His.
726 2959 855 3018 Prusias
876 2977 997 3040 negare
1017 2977 1109 3018 ausus
1131 2959 1150 3020 3

152 3063 216 3106 nou
236 3052 301 3119 est3
321 3040 378 3100 illu
420 3035 595 3116 recusavit,
615 3056 659 3098 ne
675 3037 709 3098 id
730 3056 748 3096 a
769 3055 803 3098 se
817 3033 889 3097 fieri
902 3035 1113 3118 postularent,

160 3171 336 3187 mn-

154 3243 224 3286 esset
241 3235 430 3302 scriptum.-
450 3233 478 3302 9)
498 3235 547 3285 Ar.
563 3232 680 3301 Guelplr.
701 3231 744 3283 ed.
763 3232 832 3282 Vita
852 3231 923 3284 uude
942 3247 1003 3286 crat
1020 3250 1111 3302 egres·

153 3319 210 3352 sus.
223 3331 255 3381 3-
274 3300 299 3370 1)
315 3305 402 3356 Wetr.
416 3301 534 3354 eLamb.
547 3302 720 3373 coniectura:
738 3297 890 3369 reperiebat
895 3318 906 3362 ;
918 3311 945 3352 at
956 3303 1000 3354 cll.
1010 3303 1110 3354 Daclm.

153 3377 180 3420 a
199 3368 300 3503 (iimitii
320 3439 402 3490 codd.
430 3438 479 3492 Ax.
508 3435 625 3506 Guelph.
651 3436 728 3488 Voss.
756 3437 801 3504 B.;
826 3442 888 3488 aute
907 3431 1009 3495 Giiutb,
1034 3437 1111 3504 vulgo

154 3503 353 3557 existimabant.
