2524 3872
443 420 496 483 Xl.
515 435 719 484 rrurcsxrss.
747 435 770 484 t.
791 433 819 484 r.
905 397 908 407 ¹
1077 428 1118 506 ⁶7

222 581 245 642 l.
266 577 483 656 lrr'rrcnxrns,
499 581 715 658 Atheniensis,
736 603 799 664 uon
819 593 884 642 tam
904 579 1118 665 magnitudine
1141 608 1154 646 ι

161 661 271 721 rernm
284 673 445 742 gestarum
457 658 499 742 7),
515 681 609 745 quam
623 659 786 742 disciplina
799 661 926 722 militari
935 661 1117 723 nobilitatus

161 747 221 800 est.
262 739 337 800 Fuit
359 737 442 800 enim
462 742 533 801 talis
549 741 630 815 dux,
650 753 687 799 ut
707 761 770 801 non
791 741 893 801 solum
916 739 1027 800 aetatis
1041 757 1118 802 suae

161 834 236 878 cnm
256 820 366 902 primis
387 830 645 902 compararetur,
667 817 725 880 sed
741 837 781 880 ne
796 819 836 880 de
857 819 1029 880 maioribus
1043 831 1118 880 natu

160 897 289 979 quidem
318 899 484 984 quisquam
511 909 768 980 anteponeretur.
810 897 944 958 Multum
977 917 1057 962 vero
1085 899 1157 960 ins

159 975 247 1038 hello
272 989 321 1038 est
345 987 489 1042 versatus
495 998 506 1056 3
530 995 628 1060 saepe
649 975 842 1036 exercitibus
865 977 1022 1058 praeluit3
1046 997 1119 1039 nus·

161 1065 255 1138 (fuam
279 1053 373 1138 culpa
396 1076 452 1116 sua
478 1058 560 1118 male
589 1075 659 1116 rem
686 1055 785 1138 gessit
791 1075 801 1132 3
829 1071 956 1137 semper
984 1054 1118 1118 consilio

160 1133 253 1210 v'icit,
279 1147 467 1220 tantumque
490 1157 529 1204 eo
553 1134 670 1210 valuit,
696 1145 733 1195 ut
758 1133 856 1194 multa
879 1134 911 1194 in
933 1150 970 1194 re
991 1135 1119 1196 militari

158 1213 273 1295 partim
290 1231 372 1276 nova
389 1217 549 1293 attulerit,
572 1213 688 1298 partim
708 1213 841 1275 meliora
861 1213 986 1274 feeerit.
1025 1215 1118 1275 Nam·
1136 1214 1157 1277 3

160 1314 224 1376 que
252 1293 305 1353 ille
332 1293 494 1374 pedestria
523 1313 609 1356 arma
632 1292 781 1368 mutavit,
810 1311 909 1376 quum
933 1305 1005 1354 ante
1029 1295 1118 1354 illum

159 1373 387 1453 imperatorem
416 1373 557 1434 maximis
583 1373 612 1436 cl
657 1372 718 1449 eis,
748 1371 899 1432 brevibus
924 1371 1038 1441 hastis,
1061 1373 1119 1432 mi·

158 1453 242 1512 nutis
264 1451 375 1534 gladiis
398 1463 578 1515 uterentur.
619 1451 677 1512 lle
699 1451 895 1512 econtrario
914 1451 1033 1532 peltam
1055 1459 1158 1532 prod

117 1583 122 1596 ,
158 1549 268 1668 parma
290 1526 370 1592 iecit
398 1534 437 1670 Sa
462 1555 526 1616 quo
551 1545 664 1614 postea
687 1531 841 1612 peltastae
864 1531 989 1612 pedites
1010 1529 1119 1625 appel·

172 1609 299 1689 antur),
326 1622 402 1672 uta
443 1623 547 1673 motus
570 1629 742 1673 concursus
765 1626 808 1671 ue
836 1621 940 1670 essent
968 1610 1119 1672 lemures.

158 1689 277 1749 Hastae
305 1687 435 1751 modum
465 1691 657 1771 duplicavit3
690 1627 811 1770 gladios
838 1688 1000 1772 longiores
1030 1689 1118 1748 l'eoit.

157 1763 245 1850 Idem
262 1787 361 1850 genus
375 1767 548 1829 loricarum
563 1767 714 1842 mutavit,
735 1779 767 1828 et
781 1785 844 1847 pro
859 1768 958 1827 sertis·
970 1765 1001 1848 8)
1023 1777 1119 1860 atque

158 1846 264 1906 aeneis
285 1846 396 1905 linteas
421 1847 519 1907 dedit.
560 1846 633 1924 Quo
656 1845 743 1905 facto
766 1843 980 1924 expeditiores
1002 1847 1119 1906 milites

157 1923 308 1984 reddidit.
348 1925 426 1983 Nam
454 1923 599 2005 pondere
621 1923 785 1998 detracto,
807 1923 895 2004 quod
918 1939 1020 2005 aeque
1047 1943 1118 1984 cor·

159 2011 220 2084 pus
241 2009 371 2083 tegeret
393 2015 426 2064 et
445 2004 519 2064 leve
545 2013 646 2073 esset,
672 2003 804 2062 curavit.

159 2087 182 2146 f
238 2079 274 2139 11.
298 2079 424 2143 Bellum
450 2101 521 2143 eum
546 2081 724 2142 Thracibus
748 2080 863 2162 gessit3
879 2075 1045 2163 'Seuthem
1067 2099 1119 2141 so·
1143 2104 1155 2141 ι

157 2157 241 2220 cium
263 2155 518 2233 Atheniensium,
539 2161 572 2221 in
592 2179 727 2243 regnum
747 2159 897 2220 restituit.
939 2159 1035 2242 Apud
1058 2161 1120 2223 Co·

156 2237 296 2299 riuthum
316 2249 402 2300 tanta
423 2242 595 2303 severitate
616 2239 772 2302 exercitui
790 2237 946 2322 praefuit,
961 2251 998 2299 ut
1013 2241 1119 2301 nullae

156 2335 305 2400 umquam
326 2319 358 2378 in
380 2321 515 2394 Graecia
534 2341 642 2403 neque
659 2319 901 2380 exercitatiores
916 2320 1046 2402 copiae,
1064 2339 1119 2380 ne-

158 2403 222 2480 qiue
248 2397 346 2478 magis
368 2398 453 2462 dicto
482 2400 645 2461 audientes
667 2399 787 2460 fuerint
808 2397 898 2459 duci:
928 2399 960 2458 in
983 2416 1117 2481 eamque
1139 2416 1157 2457 a

157 2471 419 2538 consuetudinem
436 2479 582 2553 adduxit,
604 2491 657 2554 ut,
674 2501 773 2562 quum
788 2478 914 2570 proelio
933 2477 1058 2560 signum
1078 2476 1118 2536 ab

156 2554 350 2636 imperatore
375 2570 460 2618 esset
487 2559 613 2633 datum,
641 2557 708 2618 sine
730 2559 819 2618 ducis
841 2579 942 2649 opera
966 2557 1011 2617 sic
1034 2555 1120 2616 ordi-

157 2647 247 2694 natae
275 2633 505 2710 consisterent,
532 2649 568 2696 ut
597 2637 713 2716 singuli
739 2635 778 2696 ab
801 2636 995 2716 pcrrtissimo
1019 2636 1119 2718 impe·

157 2724 267 2774 ratore
299 2711 443 2794 dispositi
474 2715 668 2778 riderentur.
709 2717 782 2777 Hoc
818 2713 962 2774 exercitu
994 2719 1157 2782 moram3

147 2792 481 2854 -Lacedaemoniorum
495 2795 691 2875 intercepit:
713 2792 799 2878 quod
821 2793 955 2851 maxime
977 2802 1046 2852 tota
1067 2813 1120 2853 ce·

157 2869 316 2930 lebratum
336 2884 385 2930 est
416 2872 560 2934 Graecia.
601 2874 721 2934 lterum
750 2871 865 2933 eodem
892 2869 980 2930 hello
1009 2890 1118 2933 omues

158 2949 265 3029 copias
286 2970 397 3009 eorum
425 2950 557 3034 fugavit.
600 2953 674 3040 Quo
699 2952 786 3012 facto
814 2969 958 3030 magnam
982 2950 1040 3010 ade
1056 2962 1117 3020 ,tus

96 3091 102 3096 ,
125 3099 128 3102 .
158 3040 207 3089 est
227 3028 369 3109 gloriam.
394 3033 502 3120 Quum
523 3030 719 3092 Artaxerxes
734 3029 893 3112 Aegyptio
911 3028 982 3110 regi
997 2971 1158 3101 bellumd

175 3181 355 3194 —u—

211 3268 238 3334 7)
266 3269 327 3319 cod.
347 3271 433 3321 Ernst.
452 3287 508 3319 non
526 3280 580 3318 tom
597 3283 696 3332 genere
716 3282 797 3332 ersom
817 3260 1010 3380 mupnitucline
1027 3279 1118 3316 rerum

158 3347 299 3400 gesturum
314 3336 517 3406 disciplimrque
539 3335 658 3385 militari
663 3352 674 3396 ,¹
692 3337 790 3403 probat
807 3334 863 3383 Dae
874 3347 909 3380 ιιι.
925 3359 957 3370 —-
975 3330 1069 3383 Lamb.
1082 3341 1118 3382 et

159 3403 272 3470 Lougoi.
289 3423 345 3455 ιιοιι
360 3416 415 3454 tam
432 3422 494 3470 gers.
510 3421 592 3474 ῳιιιιιι
610 3420 701 3468 insign.
717 3419 740 3452 ι·.
752 3420 779 3470 g.
800 3417 881 3471 quum
895 3397 1003 3468 discipl.
1018 3399 1073 3472 mil.
1083 3425 1118 3440 ·-

161 3469 188 3536 8)
208 3489 259 3540 pro
278 3475 359 3524 sertis
381 3475 413 3522 al.
423 3472 551 3542 floreis,
570 3471 622 3523 vid.
640 3475 726 3524 Brem.

898 3534 959 3596 5·
