2564 3872
390 395 501 460 xxm.
524 401 849 462 senemaud—10.
1053 407 1105 468 131

49 547 60 561 '
153 554 321 633 Magonem
341 555 473 620 fratrem
496 559 621 624 excivit.
649 559 685 622 ld
705 559 761 621 ubi
775 559 877 621 Poeni
897 559 1109 638 resciverunt,
1128 580 1146 622 s

151 635 317 715 Magonem
339 638 466 716 eadem,
490 661 553 721 qua
576 639 729 717 fratrem,
753 639 915 701 absentem
936 661 1040 733 poena
1062 637 1109 700 af-

151 710 311 776 fecerunt.
355 717 404 777 llli
431 717 610 798 desperatis
630 717 728 778 rebus
749 739 846 802 quum
868 718 1037 790 solvissent
1056 741 1109 779 na·

152 811 224 868 ves,
246 811 282 852 ac
296 793 368 854 vela
383 797 485 858 ventis
500 797 670 869 dedissent,
688 798 843 858 Hannibal
861 799 901 857 ad
915 797 1108 859 Antiochum

151 871 308 948 pervenit
339 875 391 936 De
411 875 553 956 Magonis
574 875 706 935 interitu
720 875 839 957 duplex
858 878 1012 938 memoria
1032 897 1108 958 pro·

151 945 215 1007 dita
237 963 294 1010 esta
337 956 481 1037 Namque
501 955 553 1014 alii
568 954 753 1035 naufragio,
779 954 831 1014 alii
852 975 869 1013 a
890 957 990 1017 servis
1010 955 1109 1036 ipsius

149 1027 357 1094 interfectum
380 1053 476 1110 eum,
505 1034 661 1114 scriptum
683 1035 894 1118 reliquerunt.
934 1035 1107 1094 Antiochus
1127 1033 1147 1095 3

151 1118 272 1186 autem,
295 1110 321 1174 si
345 1123 409 1175 tam
422 1113 459 1174 in.
468 1113 592 1196 agendo
613 1113 700 1175 bello
727 1132 843 1195 parere
862 1112 1108 1174 voluisset'eon·
1159 1127 1162 1136 ’

152 1186 226 1246 siliis
251 1189 337 1267 eius,
360 1212 454 1274 quam
477 1193 509 1254 in
533 1192 735 1273 suscipiendo
757 1193 953 1268 instituerat,
975 1191 1108 1285 propius

151 1264 278 1344 Tiberi,
306 1291 401 1351 quam
422 1272 643 1352 Thermopylis
664 1273 704 1332 de
726 1291 846 1332 summa
867 1273 994 1410 impern
1019 1271 1107 1330 drmi-

151 1359 263 1405 casset.
287 1348 393 1438 Quem
410 1353 470 1412 etsi
490 1350 589 1410 multa
601 1353 698 1412 stulte
714 1351 823 1412 conari
839 1351 910 1411 vide
935 1361 982 1427 at,
1001 1362 1107 1410 tamen

149 1424 234 1483 nulla
255 1426 397 1490 deseruit
417 1431 448 1490 in
468 1451 515 1490 re.
555 1430 700 1492 Praesuit
718 1431 827 1512 paucis
848 1429 1003 1506 navibus,
1026 1438 1148 1510 quasls

151 1521 190 1561 cx
211 1502 300 1583 Syria
321 1507 422 1572 iussus
445 1521 513 1570 erat
533 1510 564 1570 in
578 1510 684 1571 Asiam
706 1509 970 1602 ducere,his‹1ue
993 1508 1106 1568 adver·

151 1601 203 1640 sus
220 1583 420 1646 Rhodiorum
441 1591 573 1649 classem
592 1590 624 1648 in
645 1588 833 1670 Pamphylio
854 1611 934 1648 marr
957 1585 1107 1648 conllixit.

150 1661 227 1742 Quo
247 1685 345 1745 quum
366 1665 403 1743 ⁴).
420 1667 620 1727 multitudine
645 1667 902 1729 adversariorum
916 1667 964 1726 sui
978 1686 1109 1759 supera·
1174 1695 1189 1704 ·*

149 1751 280 1818 rentur,
301 1743 386 1823 ipse,
409 1764 474 1826 quc
499 1766 599 1806 cornu
622 1765 691 1804 rem
713 1745 825 1826 gessit,
846 1745 907 1804 fuit
927 1765 1084 1825 superior.

212 1819 266 1878 tx.
288 1822 445 1882 Antiocho
460 1823 582 1906 fugato,
598 1839 783 1899 verens,1te
798 1821 982 1898 dederetur,
1004 1825 1019 1903 (
1040 1824 1107 1884 uod
1119 1849 1144 1886 1ι

150 1899 217 1958 sine
234 1898 331 1960 dubio
346 1901 527 1979 accidisset,
543 1902 570 1962 si
583 1901 632 1961 sui
651 1902 784 1962 fecisset
803 1901 1011 2039 potestatem)
1057 1921 1107 1961 res

150 1988 215 2036 tam
239 1978 279 2041 ad
301 1978 471 2058 Gortynios
498 1981 603 2058 venit,
631 1993 667 2041 ut
685 1981 749 2057 ihi,
774 1984 838 2062 quo
863 1999 898 2039 se
923 1999 983 2040 con
1000 1991 1105 2051 erret,

150 2057 379 2118 consideraret.
417 2057 504 2122 Vidit
527 2073 633 2120 autem
655 2059 705 2120 vir
718 2060 858 2119 omnium
879 2056 1107 2140 callidissimus,
1128 2079 1147 2122 s

149 2156 263 2218 magno
286 2157 321 2198 se
341 2137 415 2198 fore
435 2140 599 2220 periculo,
618 2139 678 2199 nisi
702 2139 780 2222 quid
800 2137 1012 2220 providisset,
1033 2157 1110 2219 proc

149 2227 222 2295 pter
243 2217 405 2281 avaritiam
420 2220 629 2281 Cretensium.
653 2221 798 2302 Magnam
819 2218 902 2278 enim
924 2235 1032 2277 secum
1048 2238 1110 2357 ps·

150 2295 273 2356 cuniam
294 2297 460 2388 portabat,
482 2299 522 2360 de
543 2321 607 2384 qua
626 2298 748 2360 sciebat
769 2297 871 2358 exisse
891 2295 1017 2356 famam
1061 2297 1147 2360 tat-3
1176 2305 1196 2332 ’-

151 2394 214 2455 que
239 2388 324 2456 caprt
340 2377 401 2437 tale
423 2379 600 2439 consilium.
622 2378 802 2460 Amphoras
827 2375 1008 2458 complures
1023 2395 1109 2437 coma

149 2453 218 2533 plet
238 2455 387 2534 plumb03
412 2477 547 2518 summas
572 2457 679 2538 operit
698 2477 777 2518 auro
800 2469 834 2519 et
852 2467 986 2538 argento
1031 2457 1109 2532 Has,

149 2532 368 2612 praesentibus
389 2535 605 2614 principibus,
627 2536 759 2614 deponit
778 2535 810 2596 in
831 2536 955 2615 templo
976 2533 1108 2610 Dianae,

151 2611 307 2685 simulans,
329 2631 364 2673 se
385 2631 456 2672 suas
471 2613 617 2684 fortunas
635 2615 764 2674 illorum
784 2613 862 2674 fidei
882 2614 1026 2688 credere.
1050 2612 1109 2672 His

150 2689 182 2748 in
197 2711 342 2753 errorem
356 2689 510 2766 inductis,
532 2703 649 2750 statuas
670 2710 799 2767 aeneas,
815 2711 892 2772 quas
910 2710 1019 2750 secum
1032 2711 1108 2772 por·

150 2769 255 2843 tabat,
276 2789 385 2830 omnes
411 2789 467 2830 sua
493 2770 629 2850 pecunia
655 2768 811 2851 complet,
836 2786 957 2850 easque
976 2768 1009 2827 in
1032 2789 1109 2850 pro·

151 2849 260 2927 patulo
283 2849 371 2910 domi
395 2849 510 2910 abiicit.
553 2849 697 2928 Gortynii
719 2852 874 2932 templum
896 2867 1009 2928 magna
1033 2859 1150 2925 curae

152 2927 351 3004 custodiunt,
375 2941 522 2990 nontam
545 2929 718 3008 aectoris,
746 2951 840 3012 quam
860 2928 898 2988 ab
923 2928 1110 3006 Hannibale,

151 3025 191 3068 ne
211 3006 283 3084 ille,
303 3006 509 3070 inscientibus
530 3009 596 3086 his,
621 3009 752 3069 tolleret
772 3028 945 3091 secumque
965 3007 1111 3069 duceret.

230 3088 270 3145 X.
301 3086 371 3164 ste,
396 3089 592 3152 conservatis
613 3090 677 3148 suis
701 3089 817 3165 rebus,
836 3089 982 3162 Poenus,
1008 3085 1109 3144 illusis
1134 3108 1147 3144 ι

153 3165 357 3226 Cretensibus
388 3167 554 3243 omnibus,
583 3167 622 3226 ad
645 3167 790 3228 Prusiam
813 3167 846 3226 in
873 3167 1012 3227 Pontum
1035 3181 1110 3256 per·

152 3244 249 3305 uenit.
288 3244 384 3326 Apud
407 3266 505 3329 mem
533 3247 649 3310 eodem
671 3247 773 3308 animo
793 3244 857 3308 fuit
877 3263 953 3326 erga
974 3241 1111 3322 Italiam,

159 3385 352 3398 ‘mm

204 3457 232 3524 4)
249 3458 343 3508 Lamb.
360 3459 390 3507 in
409 3475 464 3527 quo
484 3473 581 3526 quum,
600 3454 651 3506 vid.
671 3453 712 3506 ed.
731 3419 807 3506 lleid.
891 3538 911 3602 9
931 3519 950 3556 ἣ
