2564 3872
163 385 219 430 roo
438 359 536 426 xvn.
559 377 748 424 aeramina.
771 359 798 425 6.
823 383 852 442 7.

161 544 239 608 gere
261 522 388 599 conari,
415 539 488 583 cum
509 522 573 583 anis
596 541 636 582 eo
660 522 764 594 venit,
786 533 901 604 atque,
927 535 963 582 nt
984 524 1010 582 si
1034 523 1122 584 bono

161 606 264 666 animo
296 602 467 677 saciarent,
501 601 642 664 laudavit
670 601 837 664 consilium
867 620 998 680 eorum,
1033 604 1123 686 quod

161 705 234 746 cum
266 683 374 744 locum
403 691 628 764 occupassent,
659 693 690 741 ct
713 701 747 743 se
775 681 809 740 id
836 695 900 765 quo
948 699 965 742 c
991 685 1018 762 ¹)
1049 685 1135 744 lieri.

121 764 285 830 idebere
305 759 575 824 animadvertisse.
614 761 667 822 Sic
699 762 904 823 adolescente
918 782 953 822 os
978 763 1122 823 simulata

160 841 341 906 laudatione
363 843 585 922 recuperavit,
611 853 644 902 et
668 841 821 902 adiunctis
846 841 886 901 de
910 841 975 901 suis
1000 843 1123 902 comiti·

161 922 221 982 bus
248 922 357 982 locum
387 930 493 982 tutum
518 923 658 1006 reliquit.
699 924 842 1005 Namque
871 921 938 996 illi,
966 933 1061 984 aucto
1091 923 1121 1003 2)

136 1025 139 1034 ·
161 1021 294 1063 numero
316 1019 447 1077 eorum,
468 1000 523 1084 qui
539 1013 686 1083 expertes
707 1013 797 1062 eram
819 1001 957 1078 consilii,
982 1022 1123 1064 commo-

164 1093 240 1142 vere
262 1099 296 1142 se
316 1101 380 1142 non
400 1093 473 1142 sont
494 1082 579 1158 ansi,
598 1095 703 1165 eoque
724 1079 890 1158 libentius,
912 1081 1000 1166 quod
1019 1083 1123 1142 latero

162 1161 413 1231 arbitrabantur,
458 1179 517 1220 uae
536 1161 722 1244 cogitarant.

239 1239 308 1304 Vll.
331 1239 405 1300 Sina
426 1179 525 1299 dqublo
548 1252 623 1322 post
643 1240 845 1302 Leuctricam
867 1261 1005 1326 pugnam
1023 1244 1123 1302 [tace-

162 1319 319 1382 daemonii
348 1337 382 1380 se
410 1337 582 1402 numquam
599 1320 802 1397 refecerunt,
829 1341 934 1461 aeine
954 1321 1123 1414 pristinum

161 1399 330 1484 imperium
346 1409 594 1481 recuperarunt:
617 1421 716 1538 ‹fflm
728 1401 857 1461 interim

613 1499 630 1539 e
668 1498 670 1500 ,

923 1403 1123 1462 esilausnon

163 1479 299 1554 destitit,
322 1478 611 1563 quibuscamqner
677 1491 831 1562 sponset,
850 1423 983 1562 paridam
1000 1481 1124 1542 invare.

123 1578 141 1620 a
161 1561 241 1619 Nam
263 1577 361 1643 quum
375 1557 550 1638 praecipue
563 1559 805 1622 Lacedaemonii
824 1560 1006 1643 indigerent
1024 1580 1123 1641 pecu·

161 1639 228 1716 nia,
248 1637 304 1700 illo
326 1637 488 1714 omnibus,
513 1637 568 1721 qui
590 1656 608 1698 a
630 1657 709 1720 rege
733 1639 939 1716 defecerant,
960 1639 1121 1723 praesidio

162 1717 239 1780 l'uit:
261 1734 279 1778 a
340 1718 408 1778 'bus
429 1733 479 1778 ma
504 1737 542 1778 na
558 1718 691 1780 donatus
708 1720 844 1802 pecunia
863 1721 996 1801 patriam
1016 1719 1123 1779 suble·

122 1799 140 1860 3
163 1799 258 1862 tavit.
294 1731 407 1892 bique
436 1797 468 1857 in
517 1817 556 1858 oc
576 1794 655 1860 illud
674 1799 817 1880 inprimis
837 1797 899 1860 fnit
920 1798 1122 1876 admirabile,

162 1891 262 1972 quum
288 1899 422 1941 mamma
452 1895 583 1940 munera
611 1881 641 1940 ei
661 1877 700 1939 ab
728 1879 878 1960 regibus,
908 1891 940 1941 et
967 1877 1121 1960 dynastis,

163 1959 407 2044 civitatibusque
424 1959 660 2036 conferrentur,
670 1958 761 2100 ,de
775 1957 852 2019 nihil
863 1981 1012 2044 umquam
1022 1957 1080 2040 [in]
1091 1955 1122 2035 ³)

161 2038 292 2100 domum
305 2058 393 2100 suam
406 2039 556 2114 contulit,
575 2039 651 2100 nihil
693 2059 711 2099 e
726 2038 812 2099 victu
820 2073 832 2112 ,·
850 2039 928 2098 nibil
947 2039 988 2101 de
1004 2037 1122 2100 vestitu

121 2127 142 2193 4
162 2119 325 2180 Laconum
343 2117 487 2179 mutavit.
516 2119 622 2178 Domo
639 2121 751 2180 eadent
767 2115 831 2189 suit
853 2130 1038 2192 contentus,
1059 2137 1121 2200 qna

161 2198 388 2277 Eurystheum,
396 2196 749 2277 progenitormaiorum
761 2215 903 2274 suorum,
915 2198 1021 2258 fuerat
1030 2216 1122 2260 usus:

163 2295 258 2358 quam
272 2275 327 2360 qni
338 2275 488 2348 intrarat,
501 2275 624 2337 nullum
637 2278 761 2360 signum
775 2277 922 2354 libidinis,
938 2278 1059 2339 nullum
1073 2277 1122 2334 lu-

160 2354 271 2418 xuriae
294 2354 407 2416 videre
427 2364 570 2446 poteram
599 2369 710 2418 contra
731 2378 769 2418 ea
793 2356 931 2450 plurima
953 2355 1122 2441 patientiae

141 2447 257 2522 atque
278 2431 495 2500 abstinentiae.
530 2431 583 2494 Sic
604 2437 687 2498 enim
707 2448 777 2498 erat
791 2446 961 2513 instructa,
981 2434 1122 2498 utnulla

161 2516 251 2576 inre
272 2513 421 2574 differret
444 2513 580 2576 cuiusvis
603 2515 634 2596 ll)
657 2516 760 2598 inopls
782 2527 878 2600 atque
899 2515 1027 2600 privati.

240 2594 326 2659 Vlll.
353 2593 459 2678 Atque
486 2593 539 2655 hic
562 2607 668 2658 tantus
688 2599 757 2675 vir,
780 2608 817 2656 ut
836 2609 981 2658 naturam
1008 2595 1123 2658 fautri-

162 2677 233 2736 eom
264 2673 422 2738 habuerat
456 2673 488 2734 in
519 2675 696 2737 tribuendis
732 2675 825 2737 animi
852 2677 1044 2748 virtutibus,
1077 2677 1122 2737 sic

159 2753 335 2819 maleficam
356 2766 466 2816 nactus
495 2763 544 2815 est
567 2755 598 2815 in
624 2775 764 2840 corpore
786 2753 946 2838 lingendo.
988 2759 1067 2820 Nam
1089 2768 1123 2816 et

160 2835 282 2896 statura
302 2834 364 2897 luit
386 2833 515 2910 humili,
544 2845 577 2895 et
599 2853 741 2930 corpore
763 2835 896 2917 exiguo,
925 2847 959 2897 et
987 2835 1121 2898 claudus

160 2913 262 2976 altero
285 2913 380 2996 pede.
421 2912 514 3001 Quae
542 2931 595 2975 res
625 2926 721 2976 cnam
750 2916 933 2977 nonnullam
962 2914 1122 2976 afferebat

158 3051 359 3068 -ῌ

213 3120 238 3190 t)
262 3115 363 3175 Giintb.
381 3133 408 3173 et
422 3135 449 3168 ss
488 3136 578 3190 unque
596 3115 641 3180 id,
660 3115 753 3174 Lamb.
775 3122 864 3174 omisit
884 3137 922 3171 se.
940 3146 974 3162 ·-
995 3119 1022 3188 a)
1041 3117 1121 3168 bosio

159 3191 262 3259 placuit
284 3191 375 3250 aucti,
394 3185 428 3240 cl.
450 3135 493 3238 ei.
511 3188 588 3237 lleid.
945 3187 948 3194 '

209 3256 238 3325 3)
259 3255 334 3309 deest
351 3255 519 3328 praepositlo
536 3255 564 3303 in
582 3255 701 3322 plurimis
721 3257 820 3310 codd..
847 3265 957 3306 tuentur
983 3273 1041 3308 eam
1058 3252 1121 3304 edd.

160 3325 276 3391 tangat.
291 3325 354 3375 ald.
374 3327 407 3375 al.
425 3349 460 3364 ·-
477 3321 505 3391 4)
524 3322 563 3372 ita
582 3321 663 3373 codd.
681 3323 799 3392 Gnelph.
814 3326 892 3375 Voss.
905 3323 935 3372 A.
957 3323 985 3374 B.
1005 3333 1032 3374 et
1049 3322 1121 3388 opti·

136 3407 219 3443 ‘mu
236 3399 299 3442 vett.
321 3392 383 3443 add.
403 3391 438 3443 cl.
458 3391 538 3440 Baro.
559 3391 649 3456 ibique
666 3392 760 3441 Lamb.
785 3401 812 3442 et
829 3389 950 3444 Moscha.
979 3417 1007 3437 -μ
1032 3393 1119 3441 Brem.

161 3459 196 3510 al.
215 3476 231 3510 c
248 3459 379 3510 cuiusvis.
399 3487 432 3501 -
449 3458 497 3509 Ax.
513 3457 546 3504 al.
566 3458 655 3505 cuivis
675 3453 709 3506 ci.
728 3460 806 3512 lleue.
