2564 3872
203 389 260 432 no
464 367 576 432 xvllt.
600 385 762 430 suntuna.
781 365 848 432 8⁴·-
861 387 905 426 ιι.

161 527 180 590 6
201 527 400 592 adversarios
421 523 497 586 illuc
518 544 590 588 suas
606 526 801 588 contraxisse
822 525 940 607 copias.
963 523 1064 582 Mutat
1084 541 1165 586 con-

197 609 318 684 silium,
340 617 388 683 et,
409 606 557 688 quoniam
575 605 794 688 imprudentes
816 605 936 666 adoriri
955 624 1019 666 non
1038 617 1182 684 posset,.

197 687 300 748 ssectit
320 688 384 752 iter
406 706 517 762 suum,
542 698 575 746 et
595 687 685 747 illum
704 684 880 748 anfractum
903 683 1083 766 longiorem
1105 703 1164 742 co-

220 767 307 827 iosac
332 767 402 827 viae
427 765 528 904 capit,
560 766 671 849 ibique
697 766 782 826 diem
805 786 904 828 unum
925 785 968 846 op
994 763 1096 824 eritur
1121 763 1165 822 ad

196 789 413 906 lassitudinem
426 865 460 906 se
485 847 597 908 andam
612 846 747 906 militum
768 865 805 906 ac
825 841 956 906 relicien
980 843 1168 920 aiumenta,

198 946 263 1009 quc
284 926 349 986 inte
374 926 460 987 riorc
486 927 631 987 exercitu
654 925 857 988 decerneret.

279 1007 318 1066 X.
344 947 396 1066 dic
418 1003 449 1084 4)
478 1007 650 1066 Eumenes.
664 1003 814 1064 callidum
833 1005 1061 1086 imperatorem
1081 1002 1163 1064 vicit

202 1086 352 1162 consilio,
375 1084 637 1166 celeritatemque
652 1083 819 1176 impedivit
834 1085 919 1161 eius3
940 1103 1044 1166 neque
1057 1093 1165 1142 tamen

161 1184 178 1224 a
200 1164 335 1224 multum
355 1163 505 1245 profecit.
546 1167 626 1224 Nam
645 1163 762 1224 invadia
787 1163 922 1240 ducum,
946 1183 1021 1223 cum
1043 1159 1162 1244 quibus

199 1256 285 1318 erat,
313 1241 512 1324 perfidiane
539 1243 748 1304 Macedonum
779 1255 1041 1317 veteranorum„
1105 1263 1164 1300 um

199 1323 348 1404 superior
369 1265 494 1404 proelio
519 1322 730 1400 discessisset,
758 1323 919 1404 Antigono
941 1333 990 1384 est
1014 1263 1161 1396 dedrlus,

199 1424 298 1488 quum
318 1403 475 1464 exercitus
500 1403 531 1462 ei
553 1415 604 1462 ter
625 1415 697 1463 ante
718 1403 871 1484 separatis
892 1400 1090 1482 temporibus
1112 1401 1165 1467 iu-

199 1489 319 1558 rasset,
350 1502 384 1542 se
410 1500 483 1541 cum
507 1478 733 1558 defensurum,
759 1501 820 1542 nec
841 1502 992 1574 umquam
1012 1480 1165 1544 desertu-

199 1583 281 1622 rum.
312 1561 377 1621 Sed
396 1559 557 1638 tantaluit
571 1562 796 1624 nonnullorum
809 1561 937 1626 virtutis
954 1559 1166 1638 obtrectatio,

198 1653 235 1700 ut
256 1639 352 1700 iidem
373 1640 518 1702 amittere
539 1641 687 1718 mallent,
709 1662 805 1724 quam
826 1661 897 1701 eum
921 1661 986 1701 non
1008 1641 1163 1720 prodere.

162 1719 180 1781 3
201 1722 309 1802 Atque
325 1719 411 1781 hunc
424 1720 618 1802 Antigonus,
639 1743 737 1804 quum
753 1721 783 1781 ei
800 1719 915 1782 fuisset
928 1718 1164 1796 infestissimus,

201 1812 440 1877 conservasset,
461 1801 561 1882 siper
575 1821 651 1862 suos
666 1813 751 1862 essct
765 1800 903 1875 licitum,
919 1799 1007 1882 quod
1020 1799 1058 1858 ab
1073 1800 1165 1862 nullo
1184 1858 1189 1864 .

201 1899 235 1940 se
256 1881 328 1961 plus
349 1880 492 1942 adiuvari
506 1901 602 1962 posse
623 1879 821 1962 intelligebat
837 1881 867 1943 in
881 1879 930 1940 his
950 1879 1065 1952 rebus,
1083 1900 1171 1961 quas,

200 1959 386 2040 impendere
401 1960 462 2020 iam
478 1960 652 2041 apparebat
667 1960 821 2022 omnibus.
843 1956 1066 2041 (Imminebant
1080 1959 1166 2018 enim

201 2037 372 2117 Seleucus,
388 2039 603 2118 Lysimachus,
617 2039 837 2118 Ptolemaeus,
853 2039 966 2119 opibus
981 2037 1042 2096 iam
1057 2039 1169 2110 valen-⁴

201 2127 269 2192 tes,
297 2138 370 2178 cum
393 2118 509 2199 quibus
531 2121 561 2178 ei
583 2120 624 2178 de
646 2119 776 2180 summis
801 2120 899 2182 rebus
922 2129 992 2180 erat
1013 2117 1165 2178 dimican-

160 2201 181 2266 4
202 2195 302 2274 dum.)
332 2195 396 2256 Sed
417 2218 480 2256 non
496 2198 581 2278 passi
601 2211 673 2258 sunt
694 2199 744 2276 hi,
765 2201 820 2282 qui
841 2199 926 2265 circa
947 2209 1052 2258 erant:
1075 2198 1165 2280 quod

202 2272 369 2352 videbant,
395 2276 539 2336 Eumene
568 2289 720 2357 recepto,
753 2297 863 2340 omnes
887 2297 967 2359 prae
991 2277 1048 2339 illo
1072 2278 1165 2358 parvi

201 2352 342 2414 futuros.
382 2355 454 2434 lpse
476 2367 583 2416 autem
598 2356 775 2440 Antigonus
805 2357 886 2420 adeo
912 2369 982 2418 erat
1007 2357 1166 2434 incensus,

201 2445 255 2509 ut,
283 2433 343 2492 nisi
368 2438 491 2515 magna*
508 2452 566 2516 spe
592 2436 799 2500 maximarum
822 2451 951 2515 rerum,
979 2436 1073 2498 leniri
1099 2457 1180 2512 non¹

227 2523 322 2572 osset.
897 2540 899 2544 »
1168 2557 1169 2563 ,

202 2534 223 2594 P
280 2593 334 2651 XI.
358 2592 468 2676 ltaque
490 2610 588 2678 quum
611 2608 684 2656 enm
705 2597 737 2657 in
759 2591 935 2660 custodiam
957 2595 1110 2672 dedisset,
1131 2607 1171 2656 et,

201 2671 387 2752 praefectus
409 2677 578 2736 custodum
594 2677 786 2758 quaesisset,
807 2675 1073 2760 quemadmodum
1096 2694 1166 2734 ser-

201 2752 270 2811 vari
291 2753 415 2814 vellet?
436 2766 472 2813 ut
486 2756 692 2832 acerrimum,
707 2756 827 2840 inquit,
841 2757 984 2832 leonem,
1005 2765 1060 2814 aut
1075 2753 1166 2816 fero-

202 2830 361 2892 cissimum
382 2832 596 2913 elephantum.
628 2835 776 2896 Nondum
791 2836 874 2896 enim
895 2846 1068 2910 statuerat,
1090 2854 1167 2895 con·

163 2923 181 2967 a
205 2922 350 2971 servaret
370 2933 460 2988 eum,
481 2932 541 2972 nec
556 2934 604 2974 ne.
633 2915 792 2976 Veniebat
806 2927 912 2976 autem
933 2915 974 2974 ad
987 2916 1167 2974 Eumenem

201 3002 373 3072 utrumque
389 3011 501 3074 ‘genus
535 2991 730 3070 hominum:¹
750 3007 784 3056 et
813 2995 869 3078 qui
897 3005 1035 3076 propter
1055 2992 1166 3054 odium

201 3062 345 3129 linctum
368 3071 468 3149 oculis
496 3090 535 3132 ex
559 3071 626 3132 eius
647 3092 722 3134 casu
742 3095 860 3156 capere
879 3075 1018 3149 vellent,
1049 3083 1083 3131 et
1108 3063 1165 3154 qui

200 3160 336 3232 propter
356 3162 502 3212 veterem
517 3152 687 3215 amicitiam
703 3153 846 3238 colloqui
867 3153 1093 3236 consolarique
1109 3167 1167 3212 cu·
1233 3215 1237 3220 ,

167 3300 362 3318 nn-u-——n-'u

229 3374 257 3444 4)
279 3378 318 3427 Ita
334 3395 364 3430 ex
382 3371 488 3428 emend.
507 3372 586 3444 Heus.
606 3373 692 3428 Brem.
713 3369 797 3429 ltickl.
819 3371 922 3430 cinth.
942 3369 1116 3446 receperunt.
1133 3399 1168 3418 -a

195 3443 237 3496 Al.
256 3443 307 3496 Hic
322 3441 463 3496 Eumenes.
482 3444 517 3496 cl.
537 3444 580 3497 etl.
597 3445 672 3496 Hcld,
