2524 3872
152 422 195 492 64
434 410 503 477 vlt
529 424 736 471 increscens.
763 403 787 468 i.
809 424 836 468 n.

152 579 291 630 revocatus
316 569 420 636 aufugit
437 569 672 622 Lacedaemonem
696 577 869 652 etquenarma
888 574 981 619 contro
1000 565 1119 646 patriam

152 633 1120 773 tilithi.323lh?·l.>'..l.·..l232lt⁰.ffl.t¹.¹¹.tztttttttidid.

153 775 203 842 n),
215 773 442 826 Lacedaemonios
454 773 543 823 vincit.
554 799 589 812 -
605 771 650 822 VI.
669 771 768 838 Insigni
781 772 877 823 civium
889 770 1078 822 benevolentia
1091 771 1119 820 in

153 844 222 893 urhe
235 841 368 908 recipitur
380 837 441 906 (408
454 856 477 889 a.
491 839 553 890 Chr.
567 838 604 906 n.)
623 870 656 880 ·—
673 839 732 890 VII.
749 839 839 888 Classe
853 837 1055 888 Atheniensium
1069 837 1120 886 de·

154 911 223 960 victo
233 925 248 958 a
258 906 486 970 Lacedaemoniis,
504 908 531 956 in
544 907 670 957 invidiam
684 907 790 957 recidit.
809 908 840 956 ln
851 905 967 955 Thracia
985 919 1120 978 prospere

103 1027 109 1031 ,
154 983 264 1046 pugnat.
281 999 316 1014 -·
341 974 413 1024 Vlll.
430 974 633 1025 Atheniensium
658 975 805 1025 exercitum
822 974 893 1042 apud
912 972 999 1037 Aegos
1020 973 1121 1020 flumen

156 1043 271 1094 consilio
285 1042 409 1092 adiuvare
421 1049 507 1092 tentat
518 1039 579 1106 (405
592 1058 607 1091 a
619 1041 682 1090 Chr.
695 1040 734 1108 n.)
747 1067 777 1080 ·-
796 1043 844 1090 lx.
863 1041 905 1090 Ad
917 1039 1121 1088 Pharnabazum

156 1111 184 1162 in
202 1110 291 1160 Asiam
308 1111 410 1160 transit.
426 1139 459 1148 -
483 1109 517 1157 X.
537 1112 559 1158 A
578 1110 664 1158 Persis
684 1125 734 1174 per
753 1109 861 1160 insidias
879 1107 1040 1158 interficitur
1057 1101 1120 1172 (dod

156 1193 181 1228 ι.
194 1177 258 1230 Chr.
276 1177 314 1246 n.)
334 1206 368 1218 -
384 1175 435 1228 XI.
453 1174 606 1244 Al⁶lblddt³i
625 1177 653 1226 iu
666 1179 738 1240 omni
755 1178 822 1232 vitae
837 1192 935 1248 genepe
950 1174 1085 1233 excelluit.

235 1325 259 1383 l.
289 1323 505 1398 Ancrnrlnns,
522 1319 640 1382 Cliniae
656 1318 750 1397 filius,
767 1313 975 1382 Atheniensis.
1005 1315 1119 1380 lnhoc
1209 1377 1211 1382 .

157 1415 287 1478 natura,
311 1403 387 1486 quid
402 1401 534 1463 efficere
572 1400 664 1476 ossit,
681 1401 806 1462 videtur
822 1413 962 1482 experta.
994 1403 1123 1472 Constat

158 1485 241 1543 euim
257 1480 341 1542 inter
362 1502 488 1556 omnes,
510 1422 569 1562 qul
588 1479 628 1559 de
644 1500 683 1556 eo
701 1479 873 1558 memoriae
894 1479 1123 1561 prodiderunt,

157 1561 235 1622 nihil
249 1560 305 1620 illo
317 1559 419 1621 'fuisse
436 1560 658 1636 excellentius,
679 1560 731 1620 vel
743 1560 773 1619 ln
793 1559 886 1634 vitiis,
907 1561 961 1620 vel
974 1559 1006 1620 in
1022 1561 1124 1622 virtu.-

120 1660 139 1704 ι
159 1640 256 1702 tibus.
295 1642 393 1698 Natus
414 1640 445 1700 in
468 1639 656 1720 amplissima
678 1638 825 1713 civitate,
845 1658 967 1714 summo
992 1658 1123 1721 genere,

159 1719 300 1781 omnium
321 1718 428 1779 aetatis
445 1739 521 1782 suae
543 1719 643 1782 multo
664 1717 930 1794 formosissimus,
951 1717 991 1778 ad
1013 1737 1123 1780 omnes

158 1819 211 1860 res
228 1809 335 1878 aptus,
354 1798 540 1882 consiliique
555 1799 686 1880 plenus,
706 1798 857 1882 (namque
871 1797 1047 1890 imperator
1062 1797 1124 1858 suit

158 1897 302 1939 summus
325 1889 357 1938 et
376 1877 455 1938 mari
475 1890 509 1939 et
527 1877 647 1954 terra),
673 1877 827 1952 disertus,
852 1889 888 1937 ut
912 1877 1055 1956 rrrprimis
1078 1875 1124 1936 ‹li-

160 1956 263 2018 ceudo
278 1957 419 2034 valeret,
441 1957 528 2040 quod
548 1967 634 2016 tanta
656 1967 726 2015 erat
743 1957 976 2030 commendatio
994 1958 1060 2032 ouis
1079 1965 1126 2016 et·

182 2056 223 2096 ue
244 2036 411 2111 orationis,
434 2047 470 2095 ut
490 2055 585 2104 nemo
610 2033 640 2110 ei
662 2033 796 2098 dicendo
810 2047 929 2116 ‚posset
951 2035 1121 2114 resistere3

118 2113 140 2180 3
160 2058 278 2174 ileinde
298 2114 324 2192 ¹)
335 2135 450 2198 ,quum
463 2125 590 2194 tempus
603 2125 765 2195 posceret,
785 2114 976 2194 lebopiosus,
990 2116 1123 2196 patiens,

159 2193 318 2268 liberalis,
341 2213 354 2250 s
379 2192 525 2253 lendidus
547 2213 610 2253 non
631 2193 733 2253 minus
750 2194 782 2254 in
806 2193 884 2269 vita,
905 2217 999 2277 quam
1022 2195 1123 2272 victu,

161 2269 312 2345 astabitis,
333 2215 484 2342 blandus,
506 2273 707 2353 temporibus
723 2273 923 2334 callidissime
940 2269 1123 2351 inseruiente.

120 2355 141 2422 l
161 2350 266 2424 Idem,
296 2349 388 2408 simul
410 2369 446 2409 ac
468 2371 502 2410 se
522 2351 706 2429 remiserat,
730 2373 838 2434 neque
860 2373 953 2430 cause
977 2353 1124 2429 suberat,

160 2448 261 2512 quare
283 2428 375 2487 animi
395 2428 540 2491 lahorem
563 2429 746 2511 perferret,
770 2431 970 2508 luxuriosus,
992 2431 1125 2492 dissolu·

159 2519 229 2583 tus,
251 2507 458 2584 libidinosus,
478 2509 687 2591 intemperans
704 2511 943 2592 reperiebatur,
963 2524 1000 2571 ut
1017 2529 1124 2570 omnes

162 2586 412 2664 admirarentur,
442 2588 474 2649 in
502 2611 567 2652 uno
589 2589 715 2650 homine
740 2603 858 2672 ,tautam
881 2611 950 2651 esse
970 2590 1125 2669 dissimili·

162 2665 325 2738 tudinem,
345 2678 473 2749 tamque
494 2668 653 2730 diversam
678 2681 830 2729 naturam.

240 2747 277 2804 ΙΙ.
299 2746 462 2808 Educatus
472 2747 558 2808 estin
567 2747 661 2823 domo
670 2749 790 2810 Pereicli
799 2746 828 2827 ².)
850 2749 1028 2832 (privignus
1044 2749 1125 2828 enim

160 2823 230 2885 cius
250 2823 351 2886 fuisse
368 2825 516 2905 dieitur),
537 2827 679 2887 eruditus
695 2847 711 2885 a
727 2827 870 2896 Socrate.
893 2829 1050 2907 Socerum
1071 2829 1126 2888 ha·

161 2902 230 2962 buit
249 2904 480 2986 Hipponicum,
503 2906 642 2966 omnium
664 2906 786 2966 Graeca
806 2907 912 2989 lingua
926 2909 1123 2991 loquentium

61 3029 65 3040 .
161 2981 432 3065 divitushnumss),
455 2996 502 3063 ut,
523 2985 549 3044 si
564 2984 632 3068 ipse
647 2983 769 3070 lingere
791 2988 902 3067 vellet,
922 2989 1126 3072 nequeplura

214 3183 246 3250 t)
274 3190 344 3254 plur.
370 3185 450 3240 codd.
469 3197 497 3240 et
520 3189 585 3241 edd.
605 3188 721 3258 (Giinth.
735 3191 834 3259 Brem.)
854 3189 930 3242 diver
942 3207 993 3260 pro
1011 3186 1126 3249 deinde,-

163 3259 189 3303 at
208 3271 230 3302 v.
251 3255 293 3305 ed.
311 3257 387 3307 lleid.
406 3284 438 3297 -
462 3259 556 3308 Lamb.
576 3258 651 3309 dedit
668 3257 801 3329 idemque.
818 3261 946 3312 Nostram
964 3260 1127 3326 scripturam

162 3327 272 3372 tuentur
288 3324 368 3374 codd.
388 3325 437 3374 Ax.
454 3325 545 3376 Boecl.
566 3327 643 3376 Voss.
663 3327 691 3374 B.
712 3353 745 3362 -
1109 3339 1114 3348 ‘

214 3393 245 3451 2)
280 3391 317 3440 ita
344 3390 445 3441 Doehn.
469 3409 483 3442 e
507 3392 560 3444 fide
591 3392 673 3442 codd.
696 3392 818 3461 Guelph.
851 3393 929 3444 Leid.
949 3391 981 3440 A.
1001 3391 1071 3442 Dan.
1096 3416 1127 3430 -

163 3457 241 3520 uulgo
256 3455 381 3507 Per-ielis.
396 3485 429 3496 -
438 3459 467 3524 3)
479 3459 647 3510 codd.Voss.
661 3459 785 3530 Guelph.
796 3461 951 3524 etodUltr.
959 3456 1127 3519 ditr'sseinum,

160 3531 255 3578 *cetera
273 3532 363 3578 autom
381 3535 526 3598 corrupta,
545 3527 579 3580 cl.
599 3525 701 3580 Deehu.
