2564 3872
239 417 296 481 rou
456 501 459 508 Ι
532 433 747 480 salanum.
776 434 849 479 oar.
869 434 929 481 vr.¹

209 641 212 646 ,
234 584 415 659 praeesset,
445 573 538 636 Indos
566 573 757 668 quosdam‘a
777 593 856 656 rege
877 561 1032 635 Boiorum
1053 570 1083 654 ὓ)
1107 574 1193 638 dono

235 656 294 716 sibi
322 655 412 714 datos
424 675 434 730 3
459 653 544 712 unde
571 673 675 714 meas
703 665 806 714 terras
834 652 1057 729 devenissent,
1084 657 1194 736 requi·

233 733 335 794 rendo
351 727 557 812 cognouisse,
579 731 610 792 vi
632 743 855 813 tempestatum
876 751 916 790 ex
939 731 1052 792 Indicis
1073 751 1112 792 ae
1136 754 1193 792 uc·

231 812 320 872 ribus
342 811 492 902 abreptos
516 825 737 892 emensosque,
757 829 838 948 spise
854 809 1040 885 intererant,
1063 754 1194 870 tandem
1244 836 1246 840 ·

232 891 264 949 in
285 890 472 950 Germaniae
493 886 589 949 litora
609 889 731 950 exiisse.
796 909 871 966 omp.
891 888 975 948 Melo
996 890 1055 966 Ill,
1073 890 1093 951 6
1110 902 1191 950 extr.

232 969 394 1028 etc-Plio.
418 968 472 1028 lib.
494 969 539 1043 ΙΙ,
559 969 607 1046 67.
662 1023 666 1032 ,
744 1026 748 1032 ,

207 1099 213 1114 ,
242 1097 260 1121 u.
308 1045 497 1126 Largitudo·
538 1047 653 1106 Charis.
674 1045 729 1108 lib.
753 1047 783 1120 l,
805 1047 868 1125 78.Ι

192 1125 212 1184 n'
288 1177 291 1184 .
310 1122 464 1185 Eudoxus
477 1124 621 1207 quidam,
643 1145 775 1186 avorum
789 1137 975 1186 nostrorum
989 1125 1192 1205 temporibus

254 1218 329 1264 uum
356 1203 550 1280 Lathurum,
582 1223 695 1284 regem
721 1203 947 1276 Alexandriae,
979 1205 1077 1282 profu
1101 1217 1197 1282 eret,

231 1219 370 1346 irabieo
394 1282 464 1342 sinu
487 1301 651 1363 egressus,
674 1301 735 1363 per
759 1282 822 1354 hoe
846 1283 998 1364 pelagus,
1021 1293 1057 1341 ut
1110 1301 1192 1362 epos

230 1357 396 1502 ellipmpjtl,
410 1361 521 1501 Gpldep
537 1380 642 1443 usque
667 1373 839 1442 pervectus
859 1373 919 1424 eat.
965 1361 1004 1420 P.
1024 1361 1107 1420 Mela
1128 1351 1192 1440 lll,

305 1486 312 1502 .
378 1463 415 1498 m.
542 1484 549 1499 .

190 1458 262 1584 39,
311 1462 541 1600 Paphlagolsiad
557 1517 682 1600 insignis
713 1518 786 1581 loeo
820 1519 965 1593 Heneto,
994 1538 1011 1576 a
1040 1537 1122 1599 quo,
1145 1509 1191 1578 ³ut
1248 1536 1251 1546 ¹

192 1611 198 1626 ‘
230 1594 327 1659 Corn.
349 1600 457 1678 Nepos
477 1595 643 1676 perhibet,-
662 1599 881 1679 Paphlagones
901 1597 933 1656 in
957 1595 1076 1673 ltaliam
1089 1608 1191 1656 trans·

229 1675 332 1750 vecti,
354 1696 427 1739 mox
448 1675 564 1754 Veneti
584 1688 657 1736 sunt
677 1677 836 1738 nominati.
866 1677 956 1734 Solia.
976 1695 1004 1734 c.
1023 1686 1072 1746 ll·
1092 1695 1125 1755 p.
1138 1693 1189 1752 7²·

228 1764 263 1814 et
283 1756 363 1814 Plin.
385 1754 445 1828 Vl,
467 1773 495 1812 2.
517 1751 557 1814 in.

188 1839 209 1906 l,
310 1829 434 1896 Fauces
462 1831 586 1892 Oceani
617 1837 655 1892 T.
680 1833 788 1906 Livius
822 1851 858 1892 ae
886 1836 994 1914 Nepos
1022 1825 1190 1912 Cornelius

228 1911 399 1973 latitudinis
417 1911 633 1986 tradiderunt,
654 1912 710 1972 ubi
724 1912 885 1972 minimum
902 1907 944 1991 9),
961 1913 1020 1974 Vll
1035 1913 1077 1970 M.
1095 1931 1190 1990 pass,

230 1991 285 2052 ubi
310 2011 388 2053 vero
409 1990 593 2071 plurimum,
616 1993 645 2049 X
666 1993 707 2050 M.
728 1993 806 2049 Plio.
828 1992 887 2068 Ill,
907 2012 1053 2071 prooem.
1143 2057 1147 2064 .

189 2071 209 2131 ⁵
308 2069 451 2150 Melpum
472 2067 634 2148 opulentia
654 2070 762 2149 praeci
786 2091 873 2145 uum,
895 2071 983 2151 quod
1000 2067 1038 2128 ab
1052 2070 1191 2132 Insubri-

195 2181 198 2188 .
227 2148 286 2208 hus
305 2159 341 2208 et
361 2149 449 2210 Boiis
472 2147 701 2208 etSenonibus
723 2091 865 2227 deletum
886 2169 955 2208 esse
976 2169 1015 2209 eo
1032 2148 1100 2222 die,
1122 2171 1188 2230 quo

227 2227 376 2382 Camplllus
386 2227 484 2382 Vspios
500 2227 633 2304 ceperit,
653 2230 760 2308 Nepos
776 2228 870 2288 Corn.
883 2223 1022 2286 tradidit.
1044 2229 1123 2286 Plin.
1134 2231 1190 2306 ΙΙΙ,

195 2363 198 2369 ,
227 2323 280 2368 αι.
315 2326 353 2362 a.
378 2326 421 2381 ¹7·
901 2353 904 2360 .

186 2401 206 2464 9
307 2383 398 2440 Ultra
425 2402 519 2462 quam
550 2385 565 2464 (
573 2384 599 2443 Α
638 2381 770 2460 ilciam)
800 2383 846 2456 Vl
873 2385 914 2444 M.
936 2405 1018 2464 pass.
1051 2384 1185 2457 Formio

227 2459 323 2532 amnis
352 2459 391 2520 ab
415 2461 564 2522 Ravenna
589 2465 613 2522 C
644 2459 777 2520 XXXIX
798 2463 840 2520 M.
861 2483 943 2542 pass.
961 2462 1111 2544 ,antiquus
1133 2482 1188 2520 au-

227 2552 297 2600 ctae
311 2532 417 2598 ltaliae
431 2540 594 2616 terminus,
607 2533 697 2614 ,nunc
717 2560 796 2601 vero
813 2541 937 2602 Istriae:
957 2559 1051 2622 quam
1067 2560 1187 2620 cogno-

226 2620 372 2678 minatam
392 2637 410 2676 a
429 2615 558 2680 flumine
582 2623 675 2694 Istro,
697 2620 728 2678 in
743 2618 894 2696 Hadriam
910 2617 1063 2678 ellluente
1086 2639 1102 2675 a
1124 2619 1190 2676 Da·

225 2697 321 2758 nubio
341 2715 447 2774 amne;
463 2695 642 2781 eodemque
653 2699 746 2773 Istro,
756 2697 924 2756 adversum
937 2695 964 2774 ¹)
973 2695 1053 2754 Padi
1066 2695 1189 2771 fauces,
1237 2724 1239 2728 ·

228 2776 388 2837 contrario
404 2795 680 2856 eorumpercussu
694 2777 771 2834 mari
785 2774 952 2846 interiecto
962 2772 1189 2848 dulceseeinte,

195 2861 208 2921 ‚¹
248 2855 374 2935 lei-ique
396 2854 507 2914 dixere
531 2855 614 2914 l'also
636 2866 669 2914 et
688 2857 795 2934 Nepos
820 2851 1018 2932 [Cornelius]
1040 2848 1070 2930 2)
1094 2863 1190 2926 etam,

224 2875 305 2992 ludi
329 2933 444 2992 accola.
471 2935 550 2992 Plin.
573 2933 615 2992 ΙΙΙ
623 2977 632 3010 ,
654 2951 701 2991 ne.
727 2929 808 3011 (ιθ.)

519 3033 663 3084 carc
680 3035 703 3082 a
738 3031 812 3082 v1n.
1256 3077 1257 3098 2

209 3123 222 3161 ι
306 3101 405 3182 Alpes
434 3102 465 3160 in
491 3097 721 3182 longitudinem
732 3099 774 3156 :X
795 3101 838 3158 M.
858 3117 940 3180 pass.
960 3111 1071 3180 patere
1097 3121 1114 3159 a
1136 3121 1189 3160 su·
1256 3127 1257 3178 i

223 3199 304 3261 pero
319 3179 397 3240 mari
411 3180 451 3239 ad
466 3179 615 3258 inferum,
632 3177 757 3238 Caelius
773 3177 886 3248 tradit:
902 3177 1089 3260 Timagenes
1099 3179 1189 3238 XXll
1254 3179 1257 3286 j

274 3336 290 3383 8
316 3337 350 3384 al.
368 3337 524 3393 Bassorum,
537 3333 571 3384 al.
582 3301 732 3386 suedorum
742 3333 775 3386 cl'.
784 3334 880 3388 Tusch.

273 3334 302 3535 9}
325 3404 357 3450 nl.
377 3398 424 3451 aba·
442 3401 538 3448 manus.

276 3483 285 3516 1
318 3469 357 3517 lta
375 3463 478 3517 Daehn.
497 3482 512 3514 a
530 3463 583 3516 lide
602 3465 684 3520 codd.
704 3495 737 3507 -
755 3465 790 3518 al.
809 3463 961 3538 Eidemque
978 3467 1055 3516 Istro
1076 3481 1110 3514 ex
1132 3465 1187 3515 ad·

225 3551 304 3585 verso
320 3530 512 3598 Pndr'suoces.
531 3558 562 3569 -
585 3533 612 3600 2)
632 3533 775 3585 Cornelius
789 3533 864 3586 deest
881 3537 907 3584 in
927 3533 1014 3588 codd.
