2564 3872
179 391 234 452 130
468 385 579 444 lllllll.
604 401 789 446 naturast.
807 403 836 466 7.
855 383 884 464 8
935 405 940 420 ·

178 547 319 620 agerent,
341 531 429 616 quod
451 531 593 590 cumbis
638 550 726 592 ecem
750 529 912 605 fecissent,
935 529 977 589 ob
1002 551 1141 612 eamque

176 637 246 676 rem
267 631 388 675 corona
412 629 510 670 aurea
532 630 587 670 eos
609 552 781 686 donarent,
800 609 958 691 simulque
978 621 1141 690 peterent,

176 707 213 755 ut
236 692 363 754 obsides
385 701 497 749 eorum
519 689 676 770 Fregellis
699 699 821 764 essent,
857 687 1041 770 captivique
1065 689 1139 748 red·

136 771 155 834 3
178 774 342 833 darentur.
379 769 437 828 His
462 787 501 828 ex
527 780 652 828 senatus
681 767 827 828 consulto
855 787 1045 847 responsum
1073 781 1138 830 est:

174 867 286 912 munus
314 867 427 909 eorum
456 859 581 928 gratum
612 859 843 928 acceptumque
870 865 957 921 esse3
999 845 1139 926 obsides,

174 949 239 1014 quo
261 930 335 990 loco
356 947 394 987 ro
420 937 527 1002 arent,
556 924 701 1003 futuros3
735 925 879 1006 captivos
901 947 965 998 non
988 926 1138 986 remissuss

175 1029 246 1088 ros,
269 1007 356 1090 quod
380 947 607 1080 llannibalem,
628 1005 717 1086 cujus
740 1025 839 1142 opfgra
867 1017 1051 1086 susceptum
1069 1005 1138 1092 bel7¹

174 1089 240 1147 lum
259 1086 359 1162 foret,
373 1083 620 1144 inimicissimum
637 1083 754 1145 nomini
803 1105 926 1159 emano,
942 1085 1037 1144 etiam
1052 1106 1137 1148 nusae

176 1187 248 1226 cum
268 1164 402 1245 imperio
428 1162 511 1243 apud
527 1161 703 1232 exercitum
726 1161 894 1238 haberent,
908 1163 1049 1256 itemque
1071 1153 1139 1226 fra:¹

134 1249 154 1314 4
176 1255 260 1304 trem
281 1244 348 1324 ejus
369 1243 546 1324 Magonem.
586 1243 658 1302 Hoc
679 1262 834 1324 responso
858 1241 1136 1324 Carthagmienses'

176 1322 304 1406 cognito
313 1321 521 1380 Hannibalem
539 1319 670 1380 domum
682 1323 915 1404 Magonemque
931 1331 1136 1385 revocarunt.

175 1405 248 1464 Huc
270 1413 305 1461 ut
325 1399 431 1476 rediit,
452 1411 584 1480 praetor
606 1398 709 1460 factus
727 1413 787 1478 est,
802 1412 972 1482 postquam
986 1421 1043 1467 rex
1063 1401 1137 1468 sue..

175 1493 241 1557 rat,
275 1501 355 1541 anno
386 1478 526 1538 seeundo
558 1491 591 1537 et
624 1479 780 1540 vicesimo.
821 1479 877 1538 Ut
900 1481 982 1540 enim
1012 1483 1135 1542 Romae

175 1561 338 1634 consules,
363 1557 409 1617 sic
431 1555 620 1639 Carthagine
645 1559 812 1640 quotannis
842 1559 935 1618 annui
954 1557 1020 1618 bini
1040 1581 1138 1641 roges

134 1637 154 1697 5
175 1639 376 1700 creabantur.
408 1639 444 1696 ln
466 1655 504 1696 eo
525 1635 711 1718 magistratu
730 1639 802 1720 pari
816 1637 978 1719 diligentia
1000 1658 1034 1700 se
1048 1641 1135 1704 Han.-

172 1716 264 1778 nibal·
279 1715 445 1798 praebuit,
467 1735 503 1775 ac
528 1714 633 1787 fuerat
659 1715 691 1775 in
710 1715 808 1779 bello.
849 1720 992 1800 Namque
1014 1717 1137 1795 effecit,

96 1797 100 1802 “
174 1815 213 1856 ex
239 1795 329 1856 novis
352 1795 560 1877 vectigalibus
590 1811 654 1857 non
681 1795 785 1856 solum
812 1807 849 1856 ut
875 1809 960 1858 esset
986 1795 1135 1934 geronis,

174 1895 256 1959 quae
284 1875 434 1936 Romanis
466 1894 506 1934 ex
535 1873 671 1935 foedere
700 1876 915 1954 penderetur,
952 1896 986 1936 se
1038 1877 1133 1938 etiam

133 1953 374 2037 imperasset,
403 1975 485 2036 quae
513 1953 545 2014 in
574 1955 698 2015 aerario
730 1967 954 2036 reponeretur.
995 1955 1134 2034 Deinde,
1208 1999 1211 2006 ·

173 2057 253 2095 anno
277 2046 352 2115 post
375 2046 577 2114 praeturam,
601 2035 709 2094 Marco
735 2031 886 2112 Claudio,
908 2034 1009 2094 Lucio
1031 2036 1132 2098 Furio

173 2115 261 2172 Coss.
292 2114 394 2172 Roma
416 2109 445 2191 3)
473 2113 570 2194 legati
601 2113 824 2196 Carthaginem
854 2125 1021 2182 venerunt.
1061 2115 1137 2176 Hos.

171 2187 328 2250 Hannibal
348 2192 396 2250 sui
422 2192 616 2271 exposcendi
637 2193 736 2274 gratia
756 2193 869 2254 missos
896 2205 1000 2267 ratus,
1028 2193 1137 2272 prius.

172 2289 266 2352 quam
294 2268 342 2327 his
368 2281 495 2328 senatus
523 2269 674 2348 daretur,
695 2291 809 2333 navem
831 2271 1016 2332 conscendit
1040 2271 1133 2349 clam,

131 2359 205 2432 7at
228 2367 268 2406 ue
300 2347 331 2404 in
360 2345 482 2425 Syriam
511 2348 551 2408 ad
581 2348 778 2412 Antiochum,
800 2349 955 2432 profugit.
995 2351 1064 2410 Hac
1094 2371 1132 2412 re

194 2366 275 2486 aiam
296 2423 399 2494 facta,
424 2424 527 2484 Poeni
546 2447 642 2490 naves
663 2429 757 2507 duas,
783 2449 864 2513 quae
887 2451 960 2493 eum
985 2449 1133 2510 compre·

171 2447 368 2575 henderent,
392 2504 419 2562 si
436 2509 569 2584 possent
584 2509 751 2602 consequi,
772 2509 926 2570 miserunt
932 2531 942 2586 3
964 2508 1047 2570 bona
1064 2507 1132 2568 eius

170 2583 390 2664 publicarunt3
406 2583 535 2650 domum
548 2607 565 2646 a
576 2583 788 2648 fundamentis
803 2589 997 2652 disiecerunt
1001 2609 1011 2665 3
1026 2587 1130 2668 ipsum

171 2661 314 2722 exsulem
334 2661 523 2723 iudicarunt.

250 2743 332 2807 Vlll.
356 2743 398 2802 At
418 2742 574 2804 Hannibal
595 2765 675 2810 anno
696 2745 793 2808 tertio
816 2757 905 2838 post,
925 2767 1019 2828 quam
1033 2743 1135 2806 domo

169 2819 375 2904 profugerat,
395 2824 432 2880 L.
455 2821 623 2900 Cornelio,
646 2824 765 2912 Quinto
784 2825 922 2902 Mmuoio
945 2825 1034 2886 Coss.
1056 2844 1137 2886 oum.

170 2900 309 2982 quinque
326 2901 457 2962 navibus
472 2899 615 2962 Africam
628 2903 762 2964 accessit
777 2904 809 2964 in
822 2901 935 2964 finibus
951 2904 1134 2982 Cyrenaeo·¹

168 2999 256 3054 rum,
292 2977 318 3038 si
348 2978 434 3039 forte
466 2979 742 3062 Carthaginienses
768 2983 807 3042 ad
834 2981 955 3042 bellum
981 2981 1129 3044 Antiochi

168 3075 225 3138 spe
246 3055 428 3138 fiduciaque
449 3057 603 3120 inducere
618 3070 746 3141 possets
767 3061 818 3122 cui
834 3062 895 3123 iam
915 3075 1133 3142 persuaserat,
1202 3061 1204 3069 '

168 3147 204 3197 ut
225 3155 298 3196 cum
328 3136 519 3198 exercitibus
546 3139 577 3198 in
598 3140 718 3202 ltaliam
741 3137 1013 3222 proficisceretur.
1053 3143 1127 3202 Huc

168 3287 367 3303 m

123 3399 125 3404 ,
169 3371 244 3492 Bt)
270 3376 308 3452 ita
332 3373 412 3427 codd.
442 3372 559 3444 Guclph.
575 3378 654 3434 Voss.
678 3378 711 3428 A.
731 3375 761 3431 G.
784 3379 834 3442 aL,
852 3386 923 3434 ants
947 3376 1025 3428 liard
1048 3379 1127 3444 vulgo
1218 3345 1223 3352 ’

196 3457 294 3493 omani.
