2564 3872
47 458 51 487 t
139 508 143 512 .
348 449 561 495 rasennam.
583 449 657 495 cor.
678 449 722 493 rr.
743 439 804 494 tu.
983 431 1037 495 ιδι

18 607 40 682 l
121 587 325 650 conserat
343 541 528 652 aaronis
548 589 814 652 macutum
834 589 1039 668 moeurs.

19 708 48 837 ιιΙ
222 715 225 724 ·
332 709 460 751 rserrss
479 711 545 771 ouo
566 709 667 751 urano
687 707 821 769 rostro,
1037 699 1042 721 '¹

20 861 46 909 m
275 811 401 854 aseri!
423 812 538 874 oureus
558 811 676 854 treats
688 791 879 860 'etsoucurrsa

18 877 19 899 l
35 889 38 920 ι

441 993 627 1048 CAPUT
661 997 708 1048 vl.

23 1112 36 1152 o
163 1083 272 1164 Nepos
292 1093 425 1144 auctore
446 1095 536 1145 certo
558 1084 753 1166 comperisse
773 1103 807 1145 se
827 1084 887 1162 sit,
908 1087 943 1148 C.
957 1085 1039 1146 Lae·
1064 1109 1075 1145 ι

18 1194 35 1232 n
84 1163 162 1224 lium
187 1160 346 1242 quondam
362 1161 395 1222 in
407 1161 584 1222 Puteolano
609 1163 676 1223 Cal.
689 1162 825 1239 Martiis,
844 1164 1039 1226 admonitum

85 1241 125 1301 sb
146 1259 247 1299 uxore
270 1240 446 1320 temperius
469 1251 506 1300 ut
525 1241 758 1318 discumberet,
780 1243 911 1324 petiisse
932 1243 971 1304 ab
992 1261 1045 1321 sta,¹

18 1353 33 1392 a
84 1339 126 1380 ne
154 1317 431 1410 interpellareturt
457 1319 559 1380 serius
586 1319 714 1380 tandem
742 1321 921 1403 ingressum
942 1319 1040 1383 tricli-

18 1414 33 1470 ’ω
84 1397 172 1460 nium
192 1395 326 1472 dixisse,
347 1415 410 1456 non
434 1417 529 1478 saepe
552 1397 776 1462 inscribendo
796 1401 894 1483 magis
914 1418 1045 1460 suesco·

18 1485 40 1551 p
85 1477 164 1536 sisse
187 1474 264 1551 sibi3
286 1473 401 1536 deinde
420 1489 585 1569 rogauero,
605 1488 642 1538 ut
663 1477 780 1560 scripta
800 1479 853 1540 illa
866 1478 1041 1562 proferret,
1082 1541 1106 1550 ,,

18 1575 32 1629 p
109 1552 307 1615 renuntiasse
327 1572 451 1632 versus‚·
468 1575 523 1638 qur
543 1557 666 1638 suntin
687 1553 1040 1634 lnvrovrspopovpircp:

18 1669 31 1718 „3
83 1575 168 1692 Botis
194 1631 248 1709 pol
270 1643 410 1710 proterve
435 1656 480 1692 me
506 1634 576 1707 Syri
602 1642 750 1712 promissa
774 1637 830 1697 huo
858 1636 1042 1698 tremuerunt.

33 1720 38 1793 ξ
86 1713 223 1771 Donatus
244 1730 270 1767 s.
290 1709 369 1768 Suet.
392 1710 424 1769 in
443 1711 507 1773 rita
532 1713 663 1772 'serent
685 1731 712 1772 c.
732 1715 762 1776 3.

167 1789 204 1846 L.
227 1786 381 1849 Otacilius
405 1789 537 1863 Pilius,
563 1789 756 1852 rhetoricam
779 1789 962 1872 professus,
985 1795 1080 1866 (int

18 1913 20 1945 ,
84 1865 276 1946 Pompeium
297 1865 399 1948 Magn.
420 1867 548 1944 docuit3
567 1869 666 1948 patris
688 1867 755 1930 eius
776 1889 828 1930 res
850 1881 963 1951 gestes,
981 1891 1042 1932 nee

18 2003 19 2012 ,
86 1947 188 2006 minus
218 1942 334 2024 ipsius,
364 1945 578 2026 compluribus
606 1947 694 2010 libris
723 1949 886 2030 exposuitt
920 1949 1041 2031 primns

86 2023 226 2085 omnium
244 2016 482 2100 libertinorum,
501 2035 537 2084 ut
554 2026 650 2088 Corn.
665 2029 712 2086 Ne
737 2047 773 2088 os
790 2025 947 2107 opinatur,
967 2027 1044 2088 scri·

30 2106 33 2118 '
86 2104 166 2163 bere
191 2099 354 2160 historiam
377 2121 467 2162 orsus
488 2124 552 2165 non
572 2105 631 2165 nisi
655 2105 694 2166 ab
744 2105 941 2168 onestissimo
962 2127 1043 2188 quo·

86 2201 151 2264 que
171 2177 269 2240 scribi
288 2178 422 2240 solitam.
462 2181 580 2244 Sueton.
600 2185 641 2245 de
662 2184 737 2246 clar.
759 2183 840 2244 rhet.
862 2203 889 2246 c.
908 2185 938 2246 3.

158 2257 296 2318 cornel.
308 2260 417 2339 Nepos
431 2259 464 2320 in
479 2260 602 2341 libello,
621 2283 689 2358 quo
702 2261 869 2346 distinguit
880 2262 1042 2326 literatum
1062 2263 1082 2326 3

28 2368 32 2379 ·
87 2335 127 2400 ab
149 2336 287 2409 erudito,
307 2337 449 2400 literatos
470 2339 570 2424 vulgo
590 2343 719 2428 quidem
741 2341 1044 2426 appellationem,

88 2416 144 2499 qui
175 2415 293 2498 aliquid
319 2415 489 2499 diligenter
516 2431 550 2482 et
575 2435 668 2485 acute
695 2423 896 2504 scienterque
921 2423 1044 2504 possint

19 2489 20 2500 ’
86 2505 143 2555 aut
163 2491 271 2552 dicere
296 2506 350 2554 aut
370 2496 529 2561 scribere:
551 2515 693 2563 ceterum
714 2501 847 2582 proprie
867 2501 913 2562 sic
936 2499 1044 2583 appel·

26 2600 31 2612 ·
86 2570 198 2634 landos
222 2580 391 2660 poetarum
411 2575 620 2657 interpretes,
645 2578 700 2660 qui
721 2599 738 2636 a
759 2577 881 2658 graecis
901 2596 1043 2658 ypopan-

86 2651 167 2710 rsxoi
187 2660 396 2712 uomurentur.
434 2652 514 2714 Suet.
535 2652 576 2718 de
596 2656 709 2716 illustr.
727 2655 865 2714 Gramm.
886 2678 914 2718 c.
932 2669 962 2729 a.

115 2911 140 2918 ,Δ
169 2844 303 2902 Praeter
321 2843 468 2937 physicos
492 2851 751 2931 Homerumque,
779 2845 834 2930 qui
861 2845 1044 2908 universum
1069 2868 1080 2903 ι

25 2944 29 2953 ·
88 2923 204 2985 orbem
219 2922 297 2980 mari
312 2925 539 2988 circumfusum
555 2947 625 2988 esse
642 2928 797 3001 dixerunt,
817 2927 912 2986 Corn.
926 2927 1045 3006 Nepos,

88 3013 125 3061 ut
139 2999 299 3060 recentior
313 3013 436 3079 auctor,
452 3005 494 3066 ita
509 3006 627 3066 certior
641 3005 737 3066 tradit
748 3004 796 3083 b)·:
808 3013 922 3066 testem
938 3015 1045 3063 sutem

26 3116 29 3129 ·
88 3079 138 3139 rei
161 3079 200 3168 Q.
224 3079 388 3142 Metellum
411 3084 557 3146 Celerem
574 3083 699 3165 adiicit,
726 3103 858 3166 eamque
885 3084 929 3144 ita
958 3093 1045 3144 retu·

88 3159 164 3218 lisse
194 3169 431 3222 commemorat.
475 3163 583 3246 Quum
611 3162 731 3224 Galliae
761 3181 823 3243 pro
851 3161 990 3226 commo
1013 3161 1044 3238 ”)

102 3264 280 3281 -ι-

138 3308 167 3376 6)
194 3308 289 3358 Tcsch.
310 3308 388 3360 Bard.
415 3312 562 3366 omiserunt
587 3312 689 3376 tradit,
715 3313 789 3381 quod
811 3313 890 3366 fleus.
915 3330 947 3366 ex
965 3315 1043 3367 Voss.

89 3378 246 3426 coniectura
265 3379 291 3425 in
306 3384 407 3428 textum
427 3383 541 3452 recepit.

141 3443 168 3510 7)
187 3445 221 3492 al.
228 3444 390 3510 proconsul.

23 3512 29 3571 l
125 3535 204 3580 Corn.
216 3535 312 3596 Nepos¹
851 3560 882 3598 ῃ
916 3585 919 3588 .
